%============================================================================
% LaTeX File
% Daniel J. Greenhoe
% BibTeX input file
% Algebra references
%============================================================================



@book{adhikari2003,
  title        = {Groups, Rings And Modules With Applications},
  author       = {M.R. Adhikari and A. Adhikari},
  year         = {2003},
  publisher    = {Universities Press},
  address      = {Hyderabad},
  edition      = {2},
  isbn10       = {8173714290},
  isbn         = {978-8173714290},
  oclc         = {53425886},
  url          = {http://books.google.com/books?vid=ISBN8173714290},
  urlw         = {http://www.worldcat.org/isbn/8173714290},
  urla         = {http://www.amazon.com/dp/8173714290},
  }
  
@incollection{artamonov2000,
  author       = {V.A. Artamonov},
  institution  = {Department of Mechanics and Mathematics, Moscow State University},
  title        = {Varieties of algebras},
  pages        = {545--576},
  booktitle    = {Handbook of Algebras},
  volume       = {2},
  editor       = {Michiel Hazewinkel},
  publisher    = {North-Holland},
  address      = {Amsterdam},
  year         = {2000},
  edition      = {1},
  isbn         = {044450396X},
  isbn13       = {978-0444503961},
  oclc         = {174434357},
  url          = {http://books.google.com/books?vid=ISBN044450396X&pg=PA545},
  urlw         = {http://www.worldcat.org/isbn/044450396X},
  urla         = {http://www.amazon.com/dp/044450396X},
  }

@book{bachet1621,
  author       = {Claude Gaspard Bachet},
  title        = {Arithm{/'e}tiques de Diophante},
  year         = {1621},
  url          = {http://www.bsb-muenchen-digital.de/~web/web1008/bsb10081407/images/index.html?digID=bsb10081407},
  }

@book{bezout1779,
  author       = {Etienne B{/'e}zout},
  title        = {Th{/'e}orie G{/'e}n{/'e}rale des {/'e}quations Alg{/'e}briques},
  year         = {1779},
  pages        = {471},
  language     = {French},
  url          = {http://books.google.com.tw/books?id=RDEVAAAAQAAJ},
  note         = {(General Theory of Algebraic Equations)},
  }
  
@book{bezout1779e,
  author       = {Etienne B{/'e}zout},
  title        = {General Theory of Algebraic Equations},
  translator   = {Eric Feron},
  publisher    = {Princeton University Press},
  year         = {1779},
  url          = {http://books.google.com/books?vid=ISBN0691114323},
  urlw         = {http://www.worldcat.org/isbn/0691114323},
  urla         = {http://www.amazon.com/dp/0691114323},
  pages        = {362},
  isbn         = {978-0691114323},
  isbn10       = {0691114323},
  language     = {English},
  note         = {2006 translation of Th{/'e}orie g{/'e}n{/'e}rale des {/'e}quations alg{/'e}briques (1779)},
  }
  
@book{birkhoff1996,
  author       = {Garrett Birkhoff and Saunders MacLane},
  title        = {A Survey of Modern Algebra},
  year         = {1996},
  pages        = {500},
  publisher    = {A K Peters},
  isbn         = {1568810687},
  isbn13       = {9781568810683},
  url          = {http://books.google.com/books?vid=ISBN1568810687},
  urlw         = {http://www.worldcat.org/isbn/1568810687},
  urla         = {http://www.amazon.com/dp/1568810687},
  }

@book{bourbaki2003algebraI,
  author       = {Nicolas Bourbaki},
  translator   = {P. M. Cohn and J. Howie},
  title        = {Algebra I},
  series       = {Elements of Mathematics},
  pages        = {733},
  url          = {http://books.google.com/books?vid=ISBN3540642439},
  urlw         = {http://www.worldcat.org/isbn/3540642439},
  urla         = {http://www.amazon.com/dp/3540642439},
  isbn         = {3-540-64243-9},
  isbn13       = {9783540642435},
  publisher    = {Springer},
  year         = {2003},
  }
  
@book{bourbaki2003algebraII,
  author       = {Nicolas Bourbaki},
  translator   = {P. M. Cohn and J. Howie},
  title        = {Algebra II},
  series       = {Elements of Mathematics},
  pages        = {461},
  url          = {http://books.google.com/books?vid=ISBN3540007067},
  urlw         = {http://www.worldcat.org/isbn/3540007067},
  urla         = {http://www.amazon.com/dp/3540007067},
  isbn10       = {3540007067},
  isbn         = {978-3540007067},
  publisher    = {Springer},
  year         = {2003},
  }
  
@book{brown1995,
  title        = {An Introduction to Analysis},
  series       = {Graduate Texts in Mathematics},
  volume       = {154},
  author       = {Arlen Brown and Carl M. Pearcy},
  year         = {1995},
  publisher    = {Springer},
  url          = {http://books.google.com/books?vid=ISBN0387943692},
  urlw         = {http://www.worldcat.org/isbn/0387943692},
  urla         = {http://www.amazon.com/dp/0387943692},
  isbn10       = {9780387943695},
  isbn         = {0387943692},
  pages        = {297},
  }

@book{burris1981,
  author       = {Stanley Burris and Hanamantagida Pandappa Sankappanavar},
  title        = {A Course in Universal Algebra},
  series       = {Graduate texts in mathematics},
  number       = {78},
  publisher    = {Springer-Verlag},
  editor       = {F.W. Gehring, P.R. Halmos, C.C. Moore},
  address      = {New York},
  edition      = {1},
  year         = {1981},
  isbn         = {0-387-90578-2},
  isbn13       = {9780387905785},
  oclc         = {7273302},
  url          = {http://books.google.com/books?vid=ISBN0387905782},
  urlw         = {http://www.worldcat.org/isbn/0387905782},
  urla         = {http://www.amazon.com/dp/0387905782},
  library      = {QA251.B87},
  pages        = {276},
  language     = {English},
  note         = {2000 edition available for free online},
  }

@unpublished{burris2000,
  author       = {Stanley Burris and Hanamantagida Pandappa Sankappanavar},
  title        = {A Course in Universal Algebra},
  edition      = {The Millennium Edition},
  year         = {2000},
  url          = {http://www.math.uwaterloo.ca/~snburris/htdocs/ualg.html},
  language     = {English},
  note         = {Re-typeset and corrected version of the 1981 edition},
  }

@article{caire1993,
  author       = {Giuseppe Caire and Robert L. Grossman and H. Vincent Poor},
  title        = {Wavelet Transforms Associated with Finite Cyclic Groups},
  journal      = {IEEE Transactions On Informmion Theory}, 
  volume       = {39},
  number       = {4},
  month        = {July},
  year         = {1993},
  pages        = {1157--1166},
  issn         = {0018-9448},
  doi          = {10.1109/18.243435},
  url          = {http://ieeexplore.ieee.org/xpl/freeabs_all.jsp?arnumber=243435},
  }

@book{cardano1545,
  author       = {Gerolamo Cardano},
  title        = {Artis magnae, sive de regulis algebraicis},
  year         = {1545},
  address      = {N\"urnberg},
  language     = {Latin},
  note         = {Also known as \emph{Ars Magna} (The Great Art)},
  url          = {http://www.filosofia.unimi.it/cardano/testi/operaomnia/vol_4_s_4.pdf},
  }

@book{cardano1545e,
  author       = {Gerolamo Cardano},
  title        = {Ars Magna or the Rules of Algebra},
  translator   = {T. Richard Witmer},
  editor       = {T. Richard Witmer},
  year         = {1545},
  publisher    = {Dover Publications},
  address      = {Mineola, New York},
  pages        = {304},
  isbn         = {0486458733},
  isbn13       = {978-0486458731},
  oclc         = {77047875},
  lccn         = {2006048027},
  url          = {http://www.amazon.com/dp/0486458733},
  urlw         = {http://www.worldcat.org/oclc/77047875},
  note         = {English translation of the Latin \emph{Ars Magna} edition, published in 2007},
  language     = {English},
  }

@book{cardano1545mit,
  author       = {Gerolamo Cardano},
  title        = {Ars Magna or the Rules of Algebra},
  translator   = {T. Richard Witmer},
  editor       = {T. Richard Witmer},
  year         = {1545},
  publisher    = {M.I.T. Press},
  address      = {Cambridge, Massechusets},
  pages        = {xxiv, 267},
  lccn         = {68022825},
  url          = {http://catalog.loc.gov/cgi-bin/Pwebrecon.cgi?Search_Arg=68022825&Search_Code=STNO},
  note         = {English translation of the 1545 Latin \emph{Ars Magna} edition, published in 1968},
  language     = {English},
  }

@book{carter2005,
  author       = {Roger William Carter},
  title        = {Lie Algebras of Finite and Affine Type},
  series       = {Cambridge studies in advanced mathematics}, 
  number       = {96},
  publisher    = {Cambridge University Press},
  address      = {Cambridge},
  pages        = {650},
  year         = {2005},
  isbn         = {0521851386},
  isbn13       = {978-0521851381},
  url          = {http://books.google.com/books?vid=ISBN0521851386},
  urlw         = {http://www.worldcat.org/isbn/0521851386},
  urla         = {http://www.amazon.com/dp/0521851386},
  language     = {English},
  }

@book{childs2009,
  author       = {Lindsay Childs},
  title        = {A Concrete Introduction To Higher Algebra},
  series       = {Undergraduate texts in mathematics},
  year         = {2009},
  edition      = {3},
  pages        = {617},
  publisher    = {Springer},
  address      = {New York},
  language     = {English},
  isbn10       = {0387745270},
  isbn         = {978-0-387-74527-5},
  url          = {http://books.google.com/books?vid=ISBN0387745270},
  urlw         = {http://www.worldcat.org/isbn/0387745270},
  urla         = {http://www.amazon.com/dp/0387745270},
  }

@book{cohn, 
  author       = {Paul M. Cohn},
  title        = {Basic Algebra; Groups, Rings and Fields},
  publisher    = {Springer},
  year         = {2002},
  month        = {December 6},
  isbn         = {1852335874},
  oclc         = {49859883},
  language     = {english},
  url          = {http://books.google.com/books?vid=isbn1852335874},
  urlw         = {http://www.worldcat.org/isbn/1852335874},
  }

@book{cohn2012, 
  author       = {Paul M. Cohn},
  title        = {Introduction to Ring Theory},
  series       = {Springer Undergraduate Mathematics Series},
  publisher    = {Springer Science \& Business Media},
  year         = {2012},
  month        = {December 6},
  pages        = {229},
  isbn         = {9781447104759},
  isbn10       = {1447104757},
  language     = {english},
  url          = {http://books.google.com/books?vid=isbn9781447104759},
  urla         = {http://www.amazon.com/dp/1447104757},
  }

@book{durbin2000,
  author       = {John R. Durbin},
  title        = {Modern Algebra; An Introduction},
  edition      = {4},
  publisher    = {John Wiley \& Sons, Inc.},
  year         = {2000},
  isbn         = {0-471-32147-8},
  oclc         = {40734863},
  url          = {http://www.worldcat.org/isbn/0471321478},
  urla         = {https://webspace.utexas.edu/gfjrd/www/index.html},
  urlg         = {http://books.google.com/books?vid=ISBN0471321478},
  urla         = {http://www.amazon.com/dp/0471321478},
  language     = {English},
  }

@book{euler1770e,
  author       = {Leonhard Euler},
  title        = {Complete instruction in algebra, book 1},
  note         = {English translation of Vollstandige Anleitung zur Algebra},
  edition      = {3},
  year         = {1770},
  url          = {http://math.dartmouth.edu/~euler/pages/E387.html},
  urlg         = {http://books.google.com/books?vid=OCLC04760115},
  }

@book{fraleigh,
  author       = {John B. Fraleigh and Victor Katz},
  title        = {A First Course in Abstract Algebra},
  edition      = {6},
  publisher    = {Addison-Wesley},
  address      = {Reading, Massachusetts, USA},
  library      = {QA162.F7 1998},
  year         = {1999},
  pages        = {576},
  isbn         = {0-201-33596-4},
  url          = {http://books.google.com/books?vid=ISBN0201335964},
  urlw         = {http://www.worldcat.org/oclc/39335212},
  urla         = {http://www.amazon.com/dp/0201335964},
  }

@book{fuchs1995,
  author       = {J/:urgen Fuchs},
  title        = {Affine Lie Algebras and Quantum Groups: An Introduction, With Applications in Conformal Field Theory},
  shorttitle   = {Affine Lie Algebras and Quantum Groups\ldots},
  series       = {Cambridge Monographs on Mathematical Physics},
  year         = {1995},
  publisher    = {Cambridge University Press},
  pages        = {433},
  url          = {http://books.google.com/books?vid=ISBN052148412X},
  urlw         = {http://www.worldcat.org/dp/052148412X},
  urla         = {http://www.amazon.com/dp/052148412X},
  isbn         = {052148412X},
  isbn13       = {9780521484121},
  }
  
@book{fuhrmann2012,
  author       = {Paul Abraham Fuhrmann},
  title        = {A Polynomial Approach to Linear Algebra},
  isbn         = {978-1461403371},
  isbn10       = {1461403375},
  edition      = {2},
  pages        = {427},
  publisher    = {Springer Science+Business Media, LLC},
  year         = {2012},
  url          = {http://books.google.com/books?vid=ISBN1461403375},
  urlw         = {http://www.worldcat.org/isbn/1461403375},
  urla         = {http://www.amazon.com/dp/1461403375},
  language     = {English},
  }

@book{gratzer2008,
  author       = {George A. Gr\"atzer},
  title        = {Universal Algebra},
  edition      = {2},
  year         = {2008},
  month        = {July},
  publisher    = {Springer},
  pages        = {586},
  isbn         = {0387774866},
  isbn13       = {978-0387774862},
  oclc         = {227032600},
  url          = {http://books.google.com/books?vid=ISBN0387774866},
  urlw         = {http://www.worldcat.org/isbn/0387774866},
  urla         = {http://www.amazon.com/dp/0387774866},
  }

@book{grove2002,
  title        = {Classical Groups and Geometric Algebra},
  series       = {Graduate Studies in Mathematics},
  volume       = {39},
  author       = {Larry C. Grove},
  year         = {2002},
  publisher    = {American Mathematical Society},
  pages        = {169},
  isbn10       = {0821820192},
  isbn         = {9780821820193},
  url          = {http://books.google.com/books?vid=ISBN0821820192},
  urlw         = {http://www.worldcat.org/isbn/0821820192},
  urla         = {http://www.amazon.com/dp/0821820192},
  }
  
@book{hall1894,
  author       = {Henry Sinclair Hall and Samuel Ratcliffe Knight},
  year         = {1894},
  title        = {Higher algebra, a sequel to elementary algebra for schools},
  shorttitle   = {Higher algebra\ldots},
  publisher    = {Macmillan},
  address      = {London},
  url          = {http://www.archive.org/details/higheralgebraas00kniggoog},
  pages        = {593},
  lccn         = {43008049},
  }

@book{hazewinkel2000,
  title        = {Handbook of Algebras},
  volume       = {2},
  editor       = {Michiel Hazewinkel},
  publisher    = {North-Holland},
  address      = {Amsterdam},
  year         = {2000},
  edition      = {1},
  isbn         = {044450396X},
  isbn13       = {978-0444503961},
  oclc         = {174434357},
  url          = {http://books.google.com/books?vid=ISBN044450396X},
  urlw         = {http://www.worldcat.org/isbn/044450396X},
  urla         = {http://www.amazon.com/dp/044450396X},
  }

  
@book{horn, 
  author       = {Roger A. Horn and Charles R. Johnson},
  title        = {Matrix Analysis},
  publisher    = {Cambridge University Press},
  address      = {Cambridge},
  year         = {1990},
  isbn         = {0-521-30586-1},
  oclc         = {11973199},
  note         = {Library: QA188H66 1985},
  language     = {english},
  url          = {http://books.google.com/books?vid=isbn0521305861},
  urlw         = {http://www.worldcat.org/isbn/0521305861},
  }

@article{hull1962,
  author       = {T. E. Hull and A. R. Dobell},
  journal      = {S.I.A.M. Review},
  year         = {1962},
  month        = {July},
  title        = {Random Number Generators},
  volume       = {4},
  number       = {3},
  pages        = {230--253},
  url          = {http://epubs.siam.org/doi/abs/10.1137/1004061},
  doi          = {10.1137/1004061},
  }

@article{isbell1980,
  title        = {Median Algebra},
  author       = {John R. Isbell},
  journal      = {Transactions of the American Mathematical Society},
  volume       = {260},
  number       = {2},
  month        = {August},
  year         = {1980},
  pages        = {319--362},
  url          = {http://www.jstor.org/stable/1998007},
  publisher    = {American Mathematical Society},
  abstract     = {A study of algebras with a ternary operation $(x, y, z)$ satisfying some identities, equivalent to embeddability in a lattice with $(x, y, z)$ realized as, simultaneously, $(x \wedge (y \vee z)) \vee (y \wedge z)$ and $(x \vee (y \wedge z)) \wedge (y \vee z)$. This is weaker than embeddability in a modular lattice, where those expressions coincide for all $x, y$, and $z$, but much of the theory survives the extension. For actual embedding in a modular lattice, some necessary conditions are found, and the investigation is carried much further in a special, geometrically described class of examples ("2-cells"). In distributive lattices $(x, y, z)$ reduces to the median $(x \wedge y) \vee (x \wedge z) \vee (y \wedge z)$, previously studied by G. Birkhoff and S. Kiss It is shown that Birkhoff and Kiss found a basis for the laws; indeed, their algebras are embeddable in distributive lattices, i.e. in powers of the 2-element lattice. Their theory is much further developed and is connected into an explicit Pontrjagin-type duality.}
  }

@article{jacobi1862,
  author       = {C.G.J. Jacobi},
  title        = {Nova methodus, equationes differentiales partiales primi orins inter numerum
                  variabilium quemcuque propositas integrandi},
  journal      = {Journal f\"ur die reine und angewandte Mathematik (Crelle)},
  shortjournal = {Crelle},
  ppn          = {PPN243919689},
  issn         = {0075-4102},
  volume       = {60},
  year         = {1862},
  pages        = {1--181},
  url          = {http://resolver.sub.uni-goettingen.de/purl/?GDZPPN002151529},
  urlg         = {http://portail.mathdoc.fr/cgi-bin/oetoc?id=OE_JACOBI__5},
  }

@book{jacobson1979,
  author       = {Nathan Jacobson},
  title        = {Lie Algebras},
  series       = {Dover books on advanced mathematics},
  year         = {1979},
  publisher    = {Dover Publications},
  address      = {New York},
  isbn         = {0-486-63832-4},
  oclc         = {6499793},
  url          = {http://books.google.com/books?vid=ISBN0486638324},
  urlw         = {http://www.worldcat.org/isbn/0486638324},
  urla         = {http://www.amazon.com/dp/0486638324},
  note         = {corrected republication of the 1962 Interscience Publisher edition},
  }
  
@article{jordan1934,
  author       = {Pascual Jordan and John von Neumann and Eugene Wigner},
  title        = {On an Algebraic Generalization of the Quantum Mechanical Formalism},
  journal      = {Annals of Mathematics}, 
  series       = {2},
  volume       = {35},
  number       = {1},
  year         = {1934},
  month        = {January}, 
  pages        = {29-64},
  doi          = {10.2307/1968117},
  url          = {http://links.jstor.org/sici?sici=0003-486X(193401)2:35:1<29:OAAGOT>2},
  }

@book{kennedy1980,
  author       = {William J. Kennedy Jr. and James E. Gentle},
  title        = {Statistical Computing},
  year         = {1980},
  series       = {Statistics: A Series of Textbooks and Monographs},
  volume       = {33},
  publisher    = {CRC Press},
  pages        = {608}, 
  isbn         = {0824768981},
  isbn13       = {9780824768980},
  language     = {English},
  url          = {http://books.google.com/books?vid=isbn0824768981},
  urla         = {http://www.amazon.com/dp/0824768981},
  urlw         = {http://www.worldcat.org/isbn/0824768981},
  }

@book{maclane1967,
  author       = {Saunders MacLane and Garrett Birkhoff},
  title        = {Algebra},
  edition      = {1},
  publisher    = {Macmillan},
  address      = {New York},
  year         = {1967},
  oclc         = {350724},
  language     = {English},
  url          = {http://www.worldcat.org/oclc/350724},
  }

@book{maclane1999,
  author       = {Saunders MacLane and Garrett Birkhoff},
  title        = {Algebra},
  edition      = {3},
  publisher    = {AMS Chelsea Publishing},
  address      = {Providence},
  year         = {1999},
  isbn         = {0821816462},
  isbn13       = {978-0821816462},
  oclc         = {42657173},
  pages        = {626},
  language     = {English},
  url          = {http://books.google.com/books?vid=isbn0821816462},
  urla         = {http://www.amazon.com/dp/0821816462},
  urlw         = {http://www.worldcat.org/isbn/0821816462},
  }

@book{menini2004,
  author       = {Claudia Menini and Freddy Van Oystaeyen},
  title        = {Abstract Algebra; A Comprehensive Treatment},
  shorttitle   = {Abstract Algebra\ldots},
  publisher    = {Marcel Dekker Inc},
  address      = {New York},
  year         = {2004},
  month        = {April},
  isbn         = {0-8247-0985-3},
  oclc         = {55111004},
  language     = {english},
  url          = {http://books.google.com/books?vid=isbn0824709853},
  urlw         = {http://www.worldcat.org/isbn/0824709853},
  }

@book{metzler1908,
  author       = {William Henry Metzler and Edward Drake Roe and Warren Gardner Bullard},
  title        = {College Algebra},
  year         = {1908},
  url          = {http://archive.org/details/collegealgebra00metzrich},
  pages        = {374},
  publisher    = {Longsmans, Green, \& Co.},
  address      = {New York},
  }

@book{noble,
  author       = {Ben Noble and James W. Daniel},
  title        = {Applied Linear Algebra},
  edition      = {3},
  year         = {1988},
  publisher    = {Prentice-Hall},
  address      = {Englewood Cliffs, NJ, USA},
  isbn         = {0-13-041260-0},  
  oclc         = {15591649},
  note         = {Library QA184.N6 1988 512.5 87-11511},
  language     = {english},
  url          = {http://www.worldcat.org/isbn/0130412600},
  urla         = {http://www.amazon.com/dp/0130412600},
  }

@article{pollard1971,
  author       = {J.M. Pollard},
  title        = {The fast Fourier transform in a finite field},
  journal      = {Mathematics of Computation},
  volume       = {25},
  number       = {114},
  pages        = {365--374},
  month        = {April},
  year         = {1971},
  doi          = {10.2307/2004932},
  url          = {http://www.jstor.org/stable/2004932},
  }

@book{roth2006,
  author       = {Ron M. Roth},
  title        = {Introduction to Coding Theory},
  year         = {2006},
  isbn         = {0521845041},
  isbn13       = {978-0521845045},
  publisher    = {Cambridge University Press},
  url          = {http://books.google.com/books?vid=ISBN0521845041},
  urlw         = {http://www.worldcat.org/isbn/0521845041},
  urla         = {http://www.amazon.com/dp/0521845041},
  pages        = {578},
  }

@book{rotman2010,
  author       = {Joseph J. Rotman},
  title        = {Advanced Modern Algebra},
  series       = {Graduate studies in mathematics},
  volume       = {114},
  edition      = {2},
  year         = {2010},
  publisher    = {American Mathematical Society},
  pages        = {1008},
  url          = {http://books.google.com/books?vid=ISBN0821847414},
  urlw         = {http://www.worldcat.org/isbn/0821847414},
  urla         = {http://www.amazon.com/dp/0821847414},
  isbn10       = {0821847414},
  isbn         = {978-0-8218-4741-1},
  }
  
@book{sakai,
  isbn10       = {3540636331},
  isbn         = {9783540636335},
  author       = {Sh\^oichir\^o Sakai},
  title        = {C*-Algebras and W*-Algebras},
  publisher    = {Springer-Verlag},
  address      = {Berlin},
  edition      = {1},
  year         = {1998},
  pages        = {276},
  oclc         = {37947387},
  url          = {http://books.google.com/books?vid=ISBN3540636331},
  urlw         = {http://www.worldcat.org/isbn/3540636331},
  urla         = {http://www.amazon.com/dp/3540636331},
  language     = {English},
  note         = {reprint of 1971 edition},
  }

@book{severance2001,
  author       = {Frank L. Severance},
  title        = {System Modeling and Simulation: An Introduction},
  publisher    = {John Wiley \& Sons},
  year         = {2001},
  month        = {August 16},
  pages        = {506},
  isbn         = {0471496944},
  isbn13       = {9780471496946},
  url          = {http://books.google.com/books?vid=ISBN0471496944},
  urlw         = {http://www.worldcat.org/isbn/0471496944},
  urla         = {http://www.amazon.com/dp/0471496944},
  }

@book{slaught1915,
  title        = {Elementary Algebra},
  author       = {Herbert Ellsworth Slaught and Nels Johann Lennes},
  publisher    = {Allyn and Bacon},
  year         = {1915},
  pages        = {373},
  url          = {https://archive.org/details/elementaryalgebr00slaurich/},
  }
  
@book{smith2011,
  author       = {Jonathan D. H. Smith},
  title        = {Introduction to Abstract Algebra},
  year         = {2011},
  publisher    = {CRC Press},
  month        = {March 23},
  pages        = {344},
  url          = {http://books.google.com/books?vid=ISBN1420063723},
  urlw         = {http://www.worldcat.org/isbn/1420063723},
  urla         = {http://www.amazon.com/dp/1420063723},
  isbn         = {1420063723},
  isbn13       = {9781420063721},
  }
  
@book{stifel1544,
  author       = {Michael Stifel},
  year         = {1544},
  title        = {Arithmetica Integra},
  pages        = {638},
  url          = {http://books.google.com/books?id=qAG7IgAACAAJ},
  address      = {Nuremburg},
  }

@book{stinson2002,
  author       = {Douglas R. Stinson},
  title        = {Cryptography Theory and Practice},
  year         = {2002},
  publisher    = {Chapman \& Hall/CRC},
  edition      = {2},
  }

@article{taylor1979,
  author       = {Walter Taylor},
  title        = {Equational Logic},
  year         = {1979},
  pages        = {i--iii,1--83},
  journal      = {Houston Journal of Mathematics},
  publisher    = {Department of Mathematics, University of Houston},
  }

@inbook{taylor2008,
  author       = {Walter Taylor},
  title        = {Equational Logic},
  booktitle    = {Universal Algebra},
  chapter      = {Appendix 4},
  publisher    = {Springer},
  address      = {New York},
  doi          = {10.1007/978-0-387-77487-9},
  year         = {2008},
  isbn         = {978-0-387-77486-2},
  isbne        = {978-0-387-77487-9},
  doi2         = {10.1007/978-0-387-77487-9_13},
  pages        = {378--400},
  url          = {http://www.springerlink.com/content/rp1374214u122546/},
  note         = {an ``abridged" version of Taylor 1979},
  }

@book{warner1990,
  author       = {Seth Warner},
  title        = {Modern Algebra},
  year         = {1990},
  pages        = {818},
  note         = {``An unabridged, corrected republication of the work originally published in two volumes by Prentice Hall, Inc., Englewood Cliffs, New Jersey, in 1965"},
  isbn         = {0-486-66341-8},
  isbn13       = {9780486663418},
  publisher    = {Dover},
  address      = {Mineola},
  url          = {http://books.google.com/books?vid=ISBN0486663418},
  urlw         = {http://www.worldcat.org/isbn/0486663418},
  urla         = {http://www.amazon.com/dp/0486663418},
  }  
    
@article{weber1893,
  author       = {Heinrich Martin Weber},
  title        = {Die allgemeinen Grundlagen der Galois'schen Gleichungstheorie},
  journal      = {Mathematische Annalen},
  publisher    = {Druck und Verlag von B.G. Teubner},
  address      = {Leipzig},
  volume       = {43},
  number       = {4},
  pages        = {521--549},
  year         = {1893},
  month        = {December},
  language     = {German},
  url          = {http://resolver.sub.uni-goettingen.de/purl?GDZPPN002254670},
  urls         = {http://www.springerlink.com/content/r13l86u4281g4776/},
  note         = {The general foundation of Galois' equation theory},
  }

@book{weber1895,
  author       = {Heinrich Martin Weber},
  title        = {Lehrbuch der Algebra},
  year         = {1895},
  language     = {German},
  url          = {http://historical.library.cornell.edu/math/math_W.html},
  note         = {Textbook of Algebra},
  }

@book{whitehead1898,
  author       = {Alfred North Whitehead},
  title        = {A Treatise on Universal Algebra with Applications},
  year         = {1898},
  volume       = {1},
  url          = {http://resolver.library.cornell.edu/math/1927624},
  urla         = {http://www.archive.org/details/404479},
  urlg         = {http://books.google.com/books?id=P_A8AAAAIAAJ},
  publisher    = {University Press},
  address      = {Cambridge},
  }

@article{whiteman1937,
  title        = {Postulates for Boolean algebra in terms of Ternary rejection},
  author       = {Albert Whiteman},
  volume       = {43},
  year         = {1937},
  pages        = {293--298},
  doi          = {10.1090/S0002-9904-1937-06538-4},
  pii          = {S 0002-9904(1937)06538-4},
  journal      = {Bulletin of the American Mathematical Society},
  issne        = {1936-881X},
  issn         = {0002-9904},
  url          = {http://www.ams.org/bull/1937-43-04/S0002-9904-1937-06538-4/},  
  }

@book{whitesitt1995,
  author       = {Eldon Whitesitt},
  title        = {Boolean Algebra and Its Applications},
  isbn         = {0486684830},
  isbn13       = {978-0486684833},
  oclc         = {31646979},
  publisher    = {Dover},
  address      = {New York},
  year         = {1995},
  pages        = {192},
  url          = {http://books.google.com/books?vid=ISBN0486684830},
  urlw         = {http://www.worldcat.org/isbn/0486684830},
  urla         = {http://www.amazon.com/dp/0486684830},
  }

@book{wicker,                                  
  author       = {Stephen B. Wicker},
  title        = {Error Control Systems for Digital Communication and Storage},
  publisher    = {Prentice Hall},
  address      = {Upper Saddle River},
  year         = {1995},
  isbn         = {0-13-200809-2},
  oclc         = {30074481},
  urlg         = {http://books.google.com.tw/books?vid=ISBN0132008092},
  urla         = {http://people.ece.cornell.edu/wicker/},
  urlb         = {http://www.amazon.com/dp/0132008092/},
  url          = {http://www.worldcat.org/isbn/0132008092},
  language     = {english},
  }




