f%============================================================================
% Daniel J. Greenhoe
% BibTeX input file
% Approximation references
%============================================================================
@article{cox1972,
  title        = {The Numerical Evaluation of B-Splines},
  year         = {1972},
  author       = {M. G. Cox},
  journal      = {IMA Journal of Applied Mathematics},
  pages        = {134--149},
  url          = {http://imamat.oxfordjournals.org/content/10/2/134.abstract},
  doi          = {10.1093/imamat/10.2.134},
  volume       = {10},
  number       = {2},
  publisher    = {Academic Press Inc. (London) Limited},
  }

@article{deboor1972,
  title        = {On Calculating with B-Splines},
  year         = {1972},
  author       = {Carl R. de\hspace{0.8ex}Boor},
  journal      = {Journal of Approximation Theory},
  pages        = {50--62},
  }

@book{deboor1993,
  author       = {Carl R. de\hspace{0.8ex}Boor and Klaus H/:ollig and S. D. Riemenschneider},
  title        = {Box Splines},
  series       = {Applied mathematical sciences},
  volume       = {98},
  year         = {1993},
  publisher    = {Springer-Verlag},
  url          = {http://books.google.com/books?vid=ISBN0387941010},
  urlw         = {http://www.worldcat.org/isbn/0387941010},
  urla         = {http://www.amazon.com/dp/0387941010},
  isbn         = {0387941010},
  isbn13       = {9780387941011},
  pages        = {200},
  }
  
@book{deboor2001,
  author       = {Carl R. de\hspace{0.8ex}Boor},
  title        = {A Practical Guide to Splines},
  edition      = {revised},
  series       = {Applied Mathematical Sciences},
  volume       = {27},
  year         = {2001},
  publisher    = {Springer},
  pages        = {346},
  isbn         = {0387953663},
  isbn13       = {9780387953663},
  url          = {http://books.google.com/books?vid=ISBN0387953663},
  urla         = {http://www.amazon.com/dp/0387953663},
  } 

@article{dgm86,
  author       = {Ingrid Daubechies and A. Grossman and Y. Meyer},
  title        = {Painless nonorthogonal expansions},
  journal      = {Journal of Mathematical Physics},
  volume       = {27},
  number       = {5},
  month        = {May},
  year         = {1986},
  pages        = {1271--1283},
  issn         = {0022-2488},
  coden        = {JMAPAQ},
  mrclass      = {81D30 (46C10)},
  mrnumber     = {87e:81089},
  mrreviewer   = {Robin Hudson},
  url          = {link.aip.org/link/?jmp/27/1271},
  }

@article{euler1783,
  author       = {L. Euler},
  title        = {De eximio usu methodi interpolationum in serierum doctrina},
  journal      = {Opuscula Analytica Petropoli},
  year         = {1783},
  volume       = {1},
  publisher    = {Academia Imperialis Scientiarum},
  pages        = {157--210},
  url          = {http://www.e-rara.ch/zut/content/structure/1197147},
  note         = {English translation of title: ``An examination of the use of the method of interpolation in the doctrine of series"},
  }

@book{fraser1919,
  author       = {Duncan C. Fraser},
  title        = {Newton's Interpolation Formulas},
  year         = {1919},
  publisher    = {C. \& E. Layton}, 
  address      = {London},
  url          = {https://archive.org/details/newtonsinterpola00frasrich},
  }

@incollection{gauss1866,
  author       = {C. F. Gauss},
  title        = {Theoria interpolationis methodo nova tractata},
  booktitle    = {Werke},
  address      = {G/:ottingen, Germany},
  publisher    = {K/:oniglichen Gesellschaft der Wissenschaften},
  year         = {1866},
  volume       = {III},
  pages        = {265--327},
  }

@article{greenhoe2014punity,
  author       = {Daniel J. Greenhoe},
  title        = {Partition of unity systems and B-splines},
  journal      = {Researchgate.net},
  year         = {2014},
  month        = {October 13},
  pages        = {80},
  language     = {English},
  url          = {https://www.researchgate.net/publication/267214570}
  }

@book{guillemin1957,
  author       = {Ernst Adolph Guillemin},
  year         = {1957},
  title        = {Synthesis of Passive Networks: Theory and Methods Appropriate to the Realization and Approximation Problems},
  shorttitle   = {Synthesis of Passive Networks\ldots},
  pages        = {741},
  publisher    = {John Wiley \& Sons},
  isbn10       = {0882754815},
  isbn         = {9780882754819},
  url          = {http://books.google.com.tw/books?id=JQ4nAAAAMAAJ},
  }

@book{guillemin1977,
  author       = {Ernst Adolph Guillemin},
  year         = {1977},
  title        = {Synthesis of Passive Networks: Theory and Methods Appropriate to the Realization and Approximation Problems},
  shorttitle   = {Synthesis of Passive Networks\ldots},
  pages        = {741},
  publisher    = {R. E. Krieger Pub. Co.},
  isbn10       = {0882754815},
  isbn         = {9780882754819},
  url          = {http://books.google.com/books?vid=ISBN0882754815},
  urlw         = {http://www.worldcat.org/isbn/0882754815},
  urla         = {http://www.amazon.com/dp/0882754815},
  }

@article{higgins1985,
  title        = {Five short stories about the cardinal series },
  author       = {J. R. Higgins},
  year         = {1985},
  journal      = {Bulletin of the American Mathematical Society},
  url          = {http://www.ams.org/journals/bull/1985-12-01/S0273-0979-1985-15293-0/},
  pages        = {45--89},
  volume       = {12},
  number       = {1},
  }

@inproceedings{hollig1986,
  editorx      = {Carl De~Boor},
  author       = {Klaus H/:ollig},
  booktitle    = {Approximation Theory},
  title        = {Multivariate Splines},
  organization = {Proceedings of Symposia in Applied Mathematics},
  year         = {1986},
  month        = {January 5--6},
  publisher    = {American Mathematical Society},
  pages        = {103--},
  url          = {http://books.google.com/books?vid=ISBN0821800981},
  urlw         = {http://www.worldcat.org/isbn/0821800981},
  urla         = {http://www.amazon.com/dp/0821800981},
  isbn         = {0821800981},
  isbn13       = {9780821800980},
  volume       = {36},
  }  
 
@book{hollig2003,
  author       = {Klaus H/:ollig},
  title        = {Finite Element Methods With B-Splines},
  series       = {Frontiers in Applied Mathematics},
  volume       = {26},
  year         = {2003},
  publisher    = {SIAM},
  pages        = {145},
  url          = {http://books.google.com/books?vid=ISBN0898715334},
  urlw         = {http://www.worldcat.org/isbn/0898715334},
  urla         = {http://www.amazon.com/dp/0898715334},
  isbn         = {0-89871-533-4},
  isbn13       = {9780898715330}, 
  }
  
@book{keener,
  isbn         = {0201156741},
  oclc         = {16276186},
  author       = {James P. Keener},
  title        = {Principles of Applied Mathematics; Transformation and Approximation},
  publisher    = {Addison-Wesley Publishing Company},
  address      = {Reading, Massachusets},
  year         = {1988},
  urla         = {http://www.math.utah.edu/~keener/},
  url          = {http://www.worldcat.org/isbn/0201156741},
  }

@inproceedings{kotelnikov1933e,
  author       = {Vladimir Aleksandrovich Kotelnikov},
  title        = {On the transmission capacity of the 'ether' and of cables in electrical communications},
  shorttitle   = {On the transmission capacity of the 'ether' and of cables\ldots},
  year         = {1933},
  translator   = {C. C. Bissell and V. E. Katsnelson},
  booktitle    = {Proceedings of the first All-Union Conference on the technological reconstruction of the communications sector and the development of low-current engineering},
  address      = {Moscow},
  url          = {http://ict.open.ac.uk/classics/1.pdf},
  }

@incollection{lagrange1877,
  author       = {J. L. Lagrange},
  year         = {1877},
  title        = {Le/;cons /'el/'ementaires sur les Math/'ematiques donn/'ees /`a l'/'Ecole normale en 1795},
  booktitle    = {/OEuvres compl/`etes},
  volume       = {7},
  pages        = {187--288},
  publisher    = {Journal de l'/'Ecole polytechnique},
  url          = {http://sites.mathdoc.fr/cgi-bin/oeitem?id=OE_LAGRANGE__7_183_0},
  }

@book{marks1991,
  author       = {Robert J. Marks II},
  title        = {Introduction to Shannon Sampling and Interpolation Theory},
  publisher    = {Springer-Verlag},
  year         = {1991},
  address      = {New York},
  url          = {http://marksmannet.com/RobertMarks/REPRINTS/1999_IntroductionToShannonSamplingAndInterpolationTheory.pdf},
  isbn         = {0-387-97391-5,3-540-97391-5},
  }

@article{marsden1970,
  author       = {Martin J. Marsden},  
  title        = {An identity for spline functions with applications to variation-diminishing spline approximation},
  journal      = {Journal of Approximation Theory},
  year         = {1970},
  month        = {March},
  pages        = {7--49},
  urlx         = {http://www.sciencedirect.com/science/article/pii/0021904570900584},
  url          = {https://doi.org/10.1016/0021-9045(70)90058-4},
  volume       = {3},
  number       = {1},
  doi          = {10.1016/0021-9045(70)90058-4},
  }

@incollection{newton1711,
  author       = {Isaac Newton},
  title        = {Methodus differentialis},
  booktitle    = {Analysis Per Quantitatum Series, Fluxiones ac Differentias : cum Enumeratio Linearum Tertii Ordinis},
  year         = {1711},
  note         = {``A photographic reproduction of the original Latin text \ldots and a translation are given" in Fraser (1919), pages 9--17 (Latin) and pages 18--25 (English)},
  }
  
@article{shannon1948,
  author       = {Claude E. Shannon},
  title        = {A Mathematical Theory of Communication},
  year         = {1948},
  month        = {July,October},
  journal      = {The Bell System Technical Journal},
  publisher    = {American Telephone and Telegraph Company},
  volume       = {27},
  pages        = {379--343,623--656},
  url          = {http://cm.bell-labs.com/cm/ms/what/shannonday/shannon1948.pdf},
  }

@article{shannon1949,
  author       = {Claude E. Shannon},
  title        = {Communication in the Presence of Noise},
  year         = {1949},
  month        = {January},
  journal      = {Proceedings of the IRE},
  volume       = {37},
  issue        = {1},
  pages        = {10--21},
  issn         = {0096-8390},
  doi          = {10.1109/JRPROC.1949.232969},
  url          = {www.stanford.edu/class/ee104/shannonpaper.pdf},
  urlieex      = {http://ieeexplore.ieee.org/xpl/freeabs_all.jsp?arnumber=1697831},
  }

@book{schumaker2007,
  author       = {Larry L. Schumaker},
  title        = {Spline Functions: Basic Theory},
  year         = {2007},
  month        = {August},
  series       = {Cambridge Mathematical Library}, 
  publisher    = {Cambridge University Press},
  edition      = {3},
  pages        = {598},
  isbn         = {978-0-521-70512-7},
  isbn10       = {0521705126},
  url          = {http://books.google.com/books?vid=ISBN0521705126},
  urlw         = {http://www.worldcat.org/isbn/0521705126},
  urla         = {http://www.amazon.com/dp/0521705126},
  }

@book{steffensen1927,
  author       = {Johan Frederik Steffensen},
  title        = {Interpolation},
  year         = {1927},
  url          = {http://books.google.com.tw/books?id=3lXQAAAAMAAJ},
  pages        = {248},
  publisher    = {Williams \& Wilkins},
  }

@book{steffensen1950,
  author       = {Johan Frederik Steffensen},
  title        = {Interpolation},
  year         = {1950},
  edition      = {2},
  url          = {http://www.amazon.com/dp/0486450090/},
  note         = {Dover reprint edition available},
  pages        = {256},
  publisher    = {Chelsea Publishing},
  address      = {New York},
  }

@article{fix1969,
  author       = {G.L. Fix and G. Strang},
  title        = {Fourier analysis of the finite element method in Ritz-Galerkin theory},
  year         = {1969},
  journal      = {Studies in Applied Mathematics},
  volume       = {48},
  pages        = {265--273},
  }

@article{ramanujan2014,
  author       = {Srinivasa Ramanujan},
  year         = {1914},
  title        = {Modular Equations and Approximations to $\pi$},
  journal      = {Quarterly Journal of Pure and Applied Mathematics},
  volume       = {45},
  pages        = {350--372},
  }

@incollection{ramanujan2014r,
  author       = {Srinivasa Ramanujan},
  year         = {1914},
  title        = {Modular Equations and Approximations to $\pi$},
  booktitle    = {Collected Papers of Srinivasa Ramanujan},
  series       = {AMS Chelsea Publishing Series},
  editors      = {G. H. Hardy and P. V. Seshu Aiyar and B. M. Wilson},
  volume       = {159},
  pages        = {23--39},
  publisher    = {AMS Chelsea Publishing, American Mathematical Soceity},
  address      = {Providence, Rhode Island, USA},
  isbn         = {9780821820766},
  isbn10       = {0821820761},
  url          = {http://books.google.com/books?vid=ISBN0821820761&pg=PA23},
  urlw         = {http://www.worldcat.org/isbn/0821820761},
  urla         = {http://www.amazon.com/dp/0821820761},
  }

@incollection{ramanujan2014pi,
  author       = {Srinivasa Ramanujan},
  year         = {1914},
  title        = {Modular Equations and Approximations to $\pi$},
  booktitle    = {Pi: A Source Book},
  editor       = {Lennart Berggren and Jonathan Borwein  and Peter Borwein},
  edition      = {3},
  pages        = {241--257},
  publisher    = {Springer},
  isbn         = {978-1-4419-1915-1},
  url          = {http://link.springer.com/chapter/10.1007/978-1-4757-4217-6_29},
  }

@article{etwhittaker1915,
  author       = {Edmund Taylor Whittaker},
  title        = {On the functions which are represented by the expansions of the interpolation theory},
  year         = {1915},
  journal      = {Proceedings of the Royal Society Edinburgh},
  volume       = {35},
  pages        = {181--194},
  }

@book{jmwhittaker1935,
  author       = {John Macnaghten Whittaker},
  title        = {Interpolatory Function Theory},
  publisher    = {Cambridge University Press},
  year         = {1935},
  series       = {Cambridge tracts in mathematics and mathematical physics},
  volume       = {33},
  pages        = {107},
  url          = {http://books.google.com.tw/books?id=yyPvAAAAMAAJ}
  }

@article{waring1779,
  author       = {Edward Waring},
  title        = {Problems concerning Interpolations},
  journal      = {Philosophical Transactions of the Royal Society of London},
  year         = {1779},
  volume       = {69},
  pages        = {59--67},
  publisher    = {Royal Society},
  url          = {http://www.jstor.org/stable/106408},
  }

