%============================================================================
% LaTeX File
% Daniel J. Greenhoe
% BibTeX input file
% Communications references
%============================================================================

@book{cristianini2007,
  author       = {Nello Cristianini and Matthew W. Hahn},
  title        = {Introduction to Computational Genomics: A Case Studies Approach},
  year         = {2007},
  publisher    = {Cambridge University Press},
  isbn         = {9781139460156},
  isbn10       = {1139460153},
  url          = {https://eembdersler.files.wordpress.com/2012/02/introduction-to-computational-genomics-a-case-studies-approach.pdf},
  urlg         = {http://books.google.com/books?vid=ISBN1139460153},
  urlw         = {http://www.worldcat.org/isbn/1139460153},
  urla         = {http://www.amazon.com/dp/1139460153},
  }
  
@article{endy2005,
  title        = {Adventures in Synthetic Biology},
  note         = {this is a comic that appeared in the article ``\emph{Foundations for engineering biology}"},
  author       = {Drew Endy and Isadora Deese and The MIT Synthetic Biology Working Group},
  illustrator  = {Chuck Wadey},
  journal      = {Nature},
  volume       = {438},
  year         = {2005},
  month        = {November 24},
  page         = {449--453},
  doi          = {10.1038/nature04342},
  url          = {},
  }

@article{galleani2010,
  author       = {Lorenzo Galleani and Roberto Garello},
  year         = {2010},
  title        = {The Minimum Entropy Mapping Spectrum of a DNA Sequence},
  journal      = {IEEE Transactions on Information Theory},
  volume       = {56},
  number       = {2},
  month        = {February},
  pages        = {771--783},
  doi          = {10.1109/TIT.2009.2037041},
  issn         = {0018-9448},
  url          = {http://dx.doi.org/10.1109/TIT.2009.2037041},
  }
  
@misc{genbankx,
  title        = {GenBank},
  author       = {GenBank},
  publisher    = {NCBI: National Center for Biotechnology Information},
  url          = {http://www.ncbi.nlm.nih.gov},
  publisher    = {U.S. National Library of Medicine},
  year         = {2014},
  address      = {Rockville Pike Bethesda MD 20894 USA},
  }

@book{genbank,
  title        = {GenBank},
  author       = {GenBank},
  publisher    = {NCBI: National Center for Biotechnology Information},
  url          = {http://www.ncbi.nlm.nih.gov},
  publisherx   = {U.S. National Library of Medicine},
  year         = {2014},
  address      = {Rockville Pike Bethesda MD 20894 USA},
  }

@article{gregory2006,
  author       = {S. G. Gregory, et. al.},
  title        = {The DNA sequence and biological annotation of human chromosome 1},
  journal      = {Nature: International Weekly Journal of Science},
  year         = {2006},
  volume       = {441},
  pages        = {315--321},
  month        = {May 18},
  doi          = {10.1038/nature04727},
  url          = {http://www.nature.com/nature/journal/v441/n7091/abs/nature04727.html},
  }

@article{he2004,
  author       = {Runtao He, et. al},
  title        = {Analysis of multimerization of the SARS coronavirus nucleocapsid protein},
  journal      = {Biochemical and Biophysical Research Communications},
  year         = {2004},
  month        = {April 2},
  volume       = {316},
  number       = {2},
  pages        = {476--483},
  url          = {http://www.sciencedirect.com/science/article/pii/S0006291X04003250},
  }

@unpublished{hessel2009,
  author       = {Andrew Hessel},
  institution  = {Singularity University (\url{www.singularityu.org})},
  year         = {2009},
  month        = {November 7},
  url          = {https://youtu.be/niQ0kkgPxJk},
  title        = {Introduction to Synthetic Biology},
  series       = {Biotechnology and Bioinformatics},
  note         = {video, uploaded 2009 November 7, director: Matt Rutherford, filmed on EOS 5D Mark II Canon},
  }

@article{hutter2003,
  author       = {Daniel Hutter and Steven A. Benner},
  title        = {Expanding the Genetic Alphabet:  Non-Epimerizing Nucleoside with the pyDDA Hydrogen-Bonding Pattern},
  journal      = {The Journal of Organic Chemistry},
  year         = {2003}, 
  volume       = {68},
  number       = {25},
  month        = {November 13},
  pages        = {9839--9842},
  doi          = {10.1021/jo034900k},
  url          = {http://pubs.acs.org/doi/abs/10.1021/jo034900k},
  }

@article{jiang2010,
  author       = {Dawei Jiang and Frank Seela},
  title        = {Oligonucleotide Duplexes and Multistrand Assemblies with 8-Aza-2'-deoxyisoguanosine: A Fluorescent isoGd Shape Mimic Expanding the Genetic Alphabet and Forming Ionophores},
  journal      = {Journal of the American Chemical Association},
  year         = {2010},
  doi          = {10.1021/ja910020n},
  month        = {March 1},
  url          = {http://pubs.acs.org/doi/abs/10.1021/ja910020n},
  publisher    = {ACS Publications},
  pages        = {4016--4024},
  }

@article{krosigk2004,
  author       = {Ulrike von Krosigk and Steven A. Benner},
  title        = {Expanding the Genetic Alphabet: Pyrazine Nucleosides That Support a Donor[BOND]Donor[BOND]Acceptor Hydrogen-Bonding Pattern},
  journal      = {Helvetica Chimica Acta},
  year         = {2004},
  month        = {June 24},
  doi          = {10.1002/hlca.200490120},
  volume       = {87},
  number       = {6},
  pages        = {1299--1324},
  publisher    = {Wiley Online Library},
  url          = {http://onlinelibrary.wiley.com/doi/10.1002/hlca.200490120/abstract},
  }

@article{malyshev2009,
  author       = {Denis A. Malyshev and Young Jun Seo and Phillip Ordoukhanian and Floyd E. Romesberg},
  title        = {PCR with an Expanded Genetic Alphabet},
  journal      = {Journal of the American Chemical Society},
  year         = {2009},
  month        = {September 29},
  publisher    = {ACS Publications},
  url          = {http://www.ncbi.nlm.nih.gov/pmc/articles/PMC2978235/},
  pages        = {14620--14621},
  volume       = {131},
  number       = {41},
  doi          = {10.1021/ja906186f},
  note         = {\url{http://pubs.acs.org/doi/pdf/10.1021/ja906186f}}
  }

@report{mendel1853ex,
  author       = {Gregor Mendel},
  title        = {Experiments In Plant Hybridization},
  year         = {1853},
  translator   = {William Bateson and Roger Blumberg},
  url          = {http://old.esp.org/foundations/genetics/classical/gm-65.pdf},
  pages        = {41},
  }

@book{mendel1853e,
  author       = {Gregor Mendel},
  title        = {Experiments In Plant Hybridization},
  year         = {1853},
  translator   = {William Bateson and Roger Blumberg},
  url          = {http://old.esp.org/foundations/genetics/classical/gm-65.pdf},
  pages        = {41},
  }

@book{ncbiCElegans2005,
  title        = {Caenorhabditis elegans cosmid F56F11},
  note         = {gi|3790755|gb|AF099922.1},
  author       = {GenBank-AF099922.1},
  publisher    = {NCBI: National Center for Biotechnology Information},
  url          = {http://www.ncbi.nlm.nih.gov/nuccore/AF099922.1},
  publisherx   = {U.S. National Library of Medicine},
  year         = {2005},
  month        = {August 30},
  address      = {Rockville Pike Bethesda MD 20894 USA},
  }

@book{ncbiCElegans2015,
  title        = {Caenorhabditis elegans Cosmid F56F11},
  note         = {accession FO081497.1},
  author       = {GenBank-FO081497.1},
  publisher    = {NCBI: National Center for Biotechnology Information},
  url          = {http://www.ncbi.nlm.nih.gov/nuccore/FO081497},
  publisherx   = {U.S. National Library of Medicine},
  year         = {2015},
  month        = {February 27},
  address      = {Rockville Pike Bethesda MD 20894 USA},
  }

@book{ncbiEbola,
  title        = {Ebola virus---Mayinga, Zaire, 1976, complete genome},
  note         = {accession AF086833.2},
  author       = {GenBank-AF086833.2},
  publisher    = {NCBI: National Center for Biotechnology Information},
  url          = {http://www.ncbi.nlm.nih.gov/nuccore/AF086833.2},
  publisherx   = {U.S. National Library of Medicine},
  year         = {2013},
  month        = {February 13},
  address      = {Rockville Pike Bethesda MD 20894 USA},
  }

@book{ncbiMP,
  title        = {Melissococcus plutonius strain 49.3 plasmid pMP19},
  note         = {accession NZ\_CM003360.1},
  author       = {GenBank-NZ\_CM003360.1},
  publisher    = {NCBI: National Center for Biotechnology Information},
  url          = {http://www.ncbi.nlm.nih.gov/nuccore/NZ_CM003360.1},
  publisherx   = {U.S. National Library of Medicine},
  year         = {2015},
  month        = {August 21},
  address      = {Rockville Pike Bethesda MD 20894 USA},
  }

@book{ncbiPapaya,
  title        = {Carica papaya supercontig\_1446 genomic scaffold},
  note         = {accession DS982815.1},
  author       = {GenBank-DS982815.1},
  publisher    = {NCBI: National Center for Biotechnology Information},
  url          = {http://www.ncbi.nlm.nih.gov/nuccore/DS982815.1},
  publisherx   = {U.S. National Library of Medicine},
  year         = {2015},
  month        = {March 11},
  address      = {Rockville Pike Bethesda MD 20894 USA},
  }

@book{ncbiPhageLambda,
  title        = {Enterobacteria phage lambda, complete genome},
  note         = {accession NC\_001416.1},
  author       = {GenBank-NC\_001416.1},
  authorx      = {C. Y. Chen and J. P. Richardson},
  publisher    = {NCBI: National Center for Biotechnology Information},
  url          = {http://www.ncbi.nlm.nih.gov/nuccore/NC_001416},
  publisherx   = {U.S. National Library of Medicine},
  year         = {1987},
  address      = {Rockville Pike Bethesda MD 20894 USA},
  }

@book{ncbiSars,
  title        = {SARS coronavirus, complete genome},
  note         = {accession NC\_004718.3},
  author       = {GenBank-NC\_004718.3},
  publisher    = {NCBI: National Center for Biotechnology Information},
  url          = {http://www.ncbi.nlm.nih.gov/nuccore/30271926},
  publisherx   = {U.S. National Library of Medicine},
  year         = {2011},
  month        = {September 02},
  address      = {Rockville Pike Bethesda MD 20894 USA},
  }

@book{ncbiSARSCoV2,
  title        = {Severe acute respiratory syndrome coronavirus 2 isolate SARS-CoV-2/human/NPL/61-TW/2020, complete genome},
  note         = {accession MT072688, version MT072688.1},
  author       = {GenBank-MT072688.1},
  publisher    = {NCBI: National Center for Biotechnology Information},
  url          = {https://www.ncbi.nlm.nih.gov/nuccore/MT072688},
  year         = {2020},
  month        = {April 06},
  address      = {Rockville Pike Bethesda MD 20894 USA},
  }

@book{pommerville2013,
  title        = {Fundamentals of Microbiology},
  author       = {Jeffrey C. Pommerville},
  year         = {2013},
  publisher    = {Jones \& Bartlett Publishers},
  pages        = {845},
  month        = {January 1},
  isbn         = {9781449647964},
  isbn10       = {1449647960},
  url          = {http://books.google.com/books?vid=isbn1449647960},
  urlw         = {http://www.worldcat.org/isbn/1449647960},
  urla         = {http://www.amazon.com/dp/1449647960},
  }

@article{sah2020,
  title        = {Complete Genome Sequence of a 2019 Novel Coronavirus (SARS-CoV-2) Strain Isolated in Nepal},
  journal      = {Microbiology Resource Announcements},
  author       = {Ranjit Sah and Alfonso J. Rodriguez-Morales and Runa Jha and Daniel K. W. Chu and Haogao Gu and Malik Peiris and Anup Bastola and Bibek Kumar Lal and Hemant Chanda Ojha and Ali A. Rabaan and Lysien I. Zambrano and Anthony Costello and Kouichi Morita and Basu Dev Pandey and Leo L. M. Poon},
  publisher    = {American Society for Microbiology},
  year         = {2020},
  month        = {March 12},
  url          = {https://mra.asm.org/content/9/11/e00169-20},
  note         = {\url{https://mra.asm.org/content/ga/9/11/e00169-20.full.pdf}},
  volume       = {9},
  number       = {11 e00169-20},
  pages        = {1--3},
  }

@article{voss1992,
  title        = {Evolution of long-range fractal correlations and 1/f noise in DNA base sequences},
  author       = {Richard F. Voss},
  journal      = {Physical Review Letters},
  year         = {1992},
  month        = {June 22},
  volume       = {68},
  number       = {25},
  pages        = {3805--3808},
  doi          = {10.1103/PhysRevLett.68.3805},
  url          = {http://journals.aps.org/prl/abstract/10.1103/PhysRevLett.68.3805},
  }

@article{watson1953,
  author       = {J. D. Watson and F. H. C. Crick},
  year         = {1953},
  month        = {April 25},
  journal      = {Nature},
  pages        = {737--738},
  doi          = {10.1038/171737a0 },
  title        = {Molecular Structures of Nucleic Acids: A Struture for Deoxyribose Nucleic Acid},
  url          = {http://www.nature.com/nature/journal/v171/n4356/pdf/171737a0.pdf},
  publisher    = {Nature Publishing Group},
  }
  
@article{watson1953may,
  author       = {J. D. Watson and F. H. C. Crick},
  year         = {1953},
  month        = {May 30},
  pages        = {964--967},
  doi          = {10.1038/171964b0 },
  journal      = {Nature},
  title        = {Genetical Implications of the Structure of Deoxyribonucleic Acid},
  url          = {http://www.nature.com/nature/journal/v171/n4361/pdf/171964b0.pdf},
  publisher    = {Nature Publishing Group},
  }
  
@article{whalen2009,
  title        = {In Attics and Closets, 'Biohackers' Discover Their Inner Frankenstein},
  note         = {``Using Mail-Order DNA and Iguana Heaters, Hobbyists Brew New Life Forms; Is It Risky?", ``Updated May 12, 2009 11:59 p.m. ET"},
  author       = {Jeanne Whalen},
  year         = {2009},
  month        = {May 12 11:59pm ET},
  journal      = {Wall Street Journal},
  url          = {http://www.wsj.com/articles/SB124207326903607931},
  }
 
