%============================================================================
% NCTU - Hsinchu, Taiwan
% LaTeX File
% Daniel J. Greenhoe
% BibTeX input file
% electromagnetism references
%============================================================================

@techreport{ADL5387,
  title        = {ADL5387},
  year         = {2016},
  note         = {``30 MHz to 2 GHzQuadrature Demodulator"},
  author       = {Analog Devices},
  edition      = {Rev.C},
  pages        = {27},
  url          = {https://www.analog.com/media/en/technical-documentation/data-sheets/ADL5387.pdf},
  }

@book{inan,
  author       = {Umran S. Inan and Aziz S. Inan},
  title        = {Electromagnetic Waves},
  publisher    = {Prentice Hall},
  year         = {2000},
  isbn         = {0-201-36179-5},
  url          = {http://www-star.stanford.edu/~/umran.html},
  }

@book{kong,
  author       = {Jin Au Kong},
  title        = {Electromagnetic Wave Theory},
  edition      = {2},
  publisher    = {Wiley Interscience},
  year         = {1990},
  isbn         = {0-471-52214-7},
  url          = {http://cetaweb.mit.edu/jakong/},
  }

@book{ishimaru,
  author       = {Akira Ishimaru},
  title        = {Electromagnetic Wave Propagation, Radiation, and Scattering},
  publisher    = {Prentice Hall},
  year         = {1996},
  isbn         = {0132490536},
  url          = {http://www.ee.washington.edu/research/ersl/ishimaru.html},
  }

@book{kraus,
  author       = {Kraus and Fleisch},
  title        = {Electromagnetics with Applications},
  edition      = {5},
  publisher    = {McGraw-Hill International Editions},
  year         = {1999},
  url          = {http://www.elmag5.com/},
  }

