%============================================================================
% Daniel J. Greenhoe
% bibTeX file
% Linguistics
%============================================================================

@book{beep,
  title        = {BEEP dictionary},
  url          = {http://svr-www.eng.cam.ac.uk/comp.speech/Section1/Lexical/beep.html},
  publisher    = {Cambridge University},
  note         = {``Phonemic transcriptions of over 250,000 English words. (British English pronunciations)"},
  }

@book{cmudict07b,
  title        = {Carnegie Mellon University Pronouncing Dictionary},
  version      = {0.7b},
  publisher    = {Carnegie Mellon University},
  author       = {Carnegie Mellon Speech Group},
  url          = {http://www.speech.cs.cmu.edu/cgi-bin/cmudict},
  }

@article{down2001,
  author       = {David Down},
  title        = {Searching for Moses},
  journal      = {Journal of Creation},
  volume       = {15},
  number       = {1},
  year         = {2001},
  month        = {April},
  pages        = {53--57},
  url          = {https://answersingenesis.org/bible-characters/moses/searching-for-moses/#r4},
  }

@book{ethnologue2009,
  title        = {Ethnologue: Languages of the World},
  editor       = {M. Paul Lewis},
  institution  = {Summer Institute of Linguistics (SIL)},
  edition      = {16},
  publisher    = {Intl Academic Bookstore},
  address      = {Dallas},
  year         = {2009},
  pages        = {1248},
  isbn         = {1556712162},
  isbn13       = {978-1-55671-216-6},
  url          = {http://www.ethnologue.com/},
  urlg         = {http://books.google.com/books?vid=ISBN1556712162},
  urlw         = {http://www.worldcat.org/isbn/1556712162},
  urla         = {http://www.amazon.com/dp/1556712162},
  }

@misc{firefly,
  title        = {Firefly font typeface},
  note         = {includes traditional and simplified Chinese charaters; includes Kangxi radicals (U+2F00--U+2FDF); Arphic public license},
  }

@book{harbaugh2009,
  author       = {Rick Harbaugh},
  title        = {\zht{中文字譜} Chinese Characters: A Genealolgy and Dictionary},
  year         = {2009},
  publisher    = {Zhongwen.com First Yale University Press impression},
  isbn         = {0966075005},
  isbn13       = {978-0-966-07500-7},
  oclc         = {51348758},
  url          = {http://www.zhongwen.com/},
  urlg         = {http://books.google.com/books?vid=ISBN0966075005},
  urlw         = {http://www.worldcat.org/isbn/0966075005},
  urla         = {http://www.amazon.com/dp/0966075005},
  }

@book{ipa1999,
  authorx       = {IPA},
  author       = {International Phonetic Association},
  title        = {Handbook of the International Phonetic Association : A Guide to the Use of the International Phonetic Alphabet},
  shorttitle   = {Handbook of the International Phonetic Association\ldots},
  year         = {1999},
  month        = {June 28},
  pages        = {214},
  isbn         = {0521637511},
  isbn13       = {978-0521637510},
  language     = {English},
  publisher    = {Cambridge University Press},
  address      = {New York},
  url          = {http://books.google.com/books?vid=ISBN0521637511},
  urlw         = {http://www.worldcat.org/isbn/0521637511},
  urla         = {http://www.amazon.com/dp/0521637511},
  }

@book{iso70981991,
  title        = {ISO 7098:1991},
  description  = {Information and documentation---Romanization of Chinese},
  institution  = {International Organization for Standardization},
  year         = {1991},
  pages        = {5},
  url          = {http://www.iso.org/iso/catalogue_detail.htm?csnumber=13683},  
  abstract     = {Explains the principles of romanization of Modern Chinese, the official language of the People's Republic of China. Annex A (Table of syllabic forms) forms an integral part of this standard.},
  }

@book{kokichi1056,
  title        = {An illustrated ethnography of Formosan aborigines},
  volume       = {1},
  author       = {Tadao Kano and  K\=okichi Segawa},
  edition      = {revised},
  publisher    = {Maruzen Co.},
  year         = {1956},
  pages        = {448},
  url          = {https://books.google.com/books?id=gp4uQ0sRNFUC},
  }

@book{kk1949,
  title        = {A Pronouncing Dictionary of American English},
  author       = {John Samuel Kenyon and Thomas Albert Knott},
  publisher    = {G. \& C. Merriam Co.},
  address      = {Springfield},
  year         = {1949},
  url          = {https://archive.org/details/pronouncingdicti00unse},
  pages        = {400},
  }

@book{kk1953,
  title        = {A Pronouncing Dictionary of American English},
  author       = {John Samuel Kenyon and Thomas Albert Knott},
  publisher    = {G. \& C. Merriam Co.},
  address      = {Springfield},
  year         = {1953},
  month        = {June},
  isbn         = {0877790477},
  isbn13       = {978-0877790471},
  url          = {http://www.amazon.com/dp/0877790477},
  urlx         = {http://books.google.com/books?vid=ISBN0877790477},
  pages        = {484},
  }

@book{li1989,
  author       = {Charles N. Li and Sandra A. Thompson},
  title        = {Mandarin Chinese: a functional reference grammar},
  year         = {1989},
  publisher    = {University of California Press},
  address      = {Berkeley},
  isbn         = {0520066103},
  isbn13       = {978-0520066106},
  oclc         = {318392547},
  url          = {http://books.google.com/books?vid=ISBN0520066103},
  urlw         = {http://www.worldcat.org/isbn/0520066103},
  urla         = {http://www.amazon.com/dp/0520066103},
  }

@book{longman1990,
  title        = {Longman Pronunciation Dictionary},
  editor       = {John Christopher Wells},
  publisher    = {Longman},
  address      = {Harlow},
  year         = {1990},
  month        = {March},
  isbn         = {0582964113},
  isbn13       = {9780582964112},
  pages        = {828},
  url          = {http://books.google.com/books?vid=ISBN0582053838},
  }

@book{mcnaughton1999,
  title        = {Reading \& Writing Chinese: a guide to the Chinese writing system: the student's 1,020 list, the official 2,000 list},
  shorttitle   = {Reading \& Writing Chinese\ldots},
  author       = {William McNaughton and Li Ying},
  edition      = {Revised},
  year         = {1999},
  month        = {September},
  publisher    = {Charles E. Tuttle Company},
  address      = {Rutland},
  isbn         = {0-8048-3206-4},
  isbn13       = {978-0804832069},
  oclc         = {50104421},
  url          = {http://books.google.com/books?vid=ISBN0804832064},
  urlw         = {http://www.worldcat.org/isbn/0804832064},
  urla         = {http://www.amazon.com/dp/0804832064},
  pages        = {352},
  }

@article{merrill1980,
  author       = {Eugene H. Merrill},
  title        = {Fixed Dates in Patriarchal Chronology},
  year         = {1980},
  journal      = {Bibliotheca Sacra},
  volume       = {137},
  number       = {547},
  publisher    = {Dallas Theological Seminary},
  issn         = {0006-1921},
  month        = {July--September},
  pages        = {241--251},
  url          = {https://www.dts.edu/publications/bibliothecasacra/},
  }
  
@inproceedings{nrcp1953,
  publisher    = {National Research Council of the Philippines},
  year         = {1953},
  booktitle    = {Proceedings},
  url          = {https://books.google.com/books?id=RowrAQAAIAAJ},
  }

@book{prasad2008,
  author       = {Tarni Prasad},
  title        = {A Course in Linguistics},
  year         = {2008},
  publisher    = {Prentice-Hall of India Private Limited},
  address      = {New Delhi},
  isbn         = {9788120334298},
  isbn10       = {8120334299},
  url          = {http://books.google.com/books?vid=ISBN8120334299},
  urlw         = {http://www.worldcat.org/isbn/8120334299},
  urla         = {http://www.amazon.com/dp/8120334299},
  } 

@book{ross2006,
  title        = {Modern Mandarin Chinese Grammar: A Practical Guide},
  series       = {Routledge modern grammars},
  author       = {Claudia Ross and Jing-heng Sheng Ma},
  year         = {2006},
  pages        = {397},
  isbn         = {0415700108},
  isbn13       = {978-0415700108},
  oclc         = {62118405},
  publisher    = {Routledge},
  address      = {London, New York},
  url          = {http://books.google.com/books?vid=ISBN0415700108},
  urla         = {http://www.amazon.com/dp/0415700108},
  urlw         = {http://www.worldcat.org/isbn/0415700108},
  }

@misc{sears,
  author       = {Richard Sears},
  title        = {Chinese Etymology},
  year         = {2017},
  url          = {hanziyuan.net},
  }

@book{shawbrooks2016,
  author       = {Lawrence D. Shawbrooks},
  title        = {The Mysterious Numerical Bible Code and Other Revelations},
  shorttitle   = {The Mysterious Numerical Bible Code\ldots},
  year         = {2016},
  month        = {June 1},
  pages        = {664},
  publisher    = {AuthorHouse},
  isbn         = {9781524631321},
  isbn10       = {1524631329},
  url          = {http://books.google.com/books?vid=ISBN1524631329},
  urla         = {http://www.amazon.com/dp/1524631329},
  }

@article{shibles1994,
  author       = {Warren A. Shibles},
  title        = {Chinese Romanization Systems: IPA Transliteration},
  journal      = {Sino-Platonic Papers},
  number       = {52},
  year         = {1994},
  month        = {November},
  url          = {http://www.sino-platonic.org/complete/spp052_chinese_ipa.pdf},
  }

@book{trask1999,
  author       = {Robert Lawrence Trask},
  year         = {1999},
  title        = {Key concepts in language and linguistics},
  series       = {Key concepts series},
  edition      = {2,reprint},
  publisher    = {Routledge},
  address      = {London},
  isbn         = {0415157420},
  isbn13       = {978-0415157421},
  oclc         = {39060772},
  pages        = {378},
  url          = {http://books.google.com/books?vid=ISBN0415157420},
  urlw         = {http://www.worldcat.org/isbn/0415157420},
  }

@book{unicode510,
  title        = {The Unicode Standard 5.1.0},
  editor       = {Julie Allen},
  year         = {2008},
  url          = {http://www.unicode.org/versions/Unicode5.1.0/},
  publisher    = {Unicode Inc.},
  organization = {Unicode Consortium},
  }

@book{qiu2006,
  title        = {發現客家: 宜蘭地區客家移民的研究},
  volume       = {1},
  year         = {2006},
  author       = {邱彥貴 and 林怡靚},
  publisher    = {行政院客家委員會},
  pages        = {550},
  url          = {https://books.google.com/books?id=pFUfAQAAMAAJ},
  }


