%============================================================================
% Daniel J. Greenhoe
% LaTeX File
% BibTeX input file
%============================================================================

@book{adobe1999,
  author       = {Adobe},
  authorx      = {Adobe Systems Incorporated},
  title        = {PostScript Language Reference},
  year         = {1999},
  publisher    = {Addison-Wesley Publishing Company},
  address      = {Reading, Massachusetts},
  isbn         = {0-201-37922-8},
  url          = {http://wwwimages.adobe.com/content/dam/Adobe/en/devnet/postscript/pdfs/PLRM.pdf},
  pages        = {912},
  }
  
@book{aigner2007,
  author       = {Martin Aigner},
  title        = {A Course in Enumeration},
  series       = {Graduate Texts in Mathematics},
  publisher    = {Springer},
  year         = {2007},
  isbn         = {978-3540390329},
  isbn10       = {3540390324},
  edition      = {1},
  pages        = {575},
  urlg         = {http://books.google.com/books?vid=ISBN3540390324},
  url          = {http://www.amazon.com/dp/3540390324},
  }

@book{almagest,
  author       = {Ptolemy},
  title        = {Ptolemy's Almagest},
  shorttitle   = {Almagest},
  translator   = {G.J. Toomer},
  publisher    = {Springer-Verlag (1984)},
  address      = {New York},
  pages        = {ix,693},
  isbn         = {0387912207},
  oclc         = {10122240},
  year         = {circa 100AD},
  url          = {http://gallica.bnf.fr/ark:/12148/bpt6k3974x},
  urlw         = {http://www.worldcat.org/isbn/0387912207},
  }

@book{aristotle,
  author       = {Aristotle},
  title        = {The Works of Aristotle},
  year         = {1908},
  publisher    = {Clarendon Press},
  language     = {English},
  editor       = {J. A. Smith and W. D. Ross},
  url          = {http://books.google.com/books?id=VovIeRQqnX4C},
  }

@book{aryabhata,
  author       = {Aryabhata},
  title        = {Aryabhata-Siddhanta},
  year         = {circa 500AD},
  address      = {Patna},
  }

@incollection{aristotle_categoriae,
  author       = {Aristotle},
  editor       = {Richard McKeon},
  translator   = {E.M. Edghill},
  title        = {Categoriae},
  booktitle    = {The Basic Works of Aristotle},
  series       = {Modern Library Classics},
  publisher    = {Random House},
  address      = {New York},
  year         = {circa 350BC},
  pages        = {3--37},
  isbn         = {0375757996},
  isbn13       = {978-0375757990},
  oclc         = {47231902},
  language     = {English},
  url          = {http://www.gutenberg.org/etext/2412},
  urla         = {http://faculty.washington.edu/smcohen/520/Cats1-5.pdf},
  urla         = {http://www.amazon.com/dp/0375757996},
  urlw         = {http://www.worldcat.org/oclc/47231902},
  urlx         = {http://ebook.fx.snnu.edu.cn/wlts/ywyz/ts100034.pdf},
  note         = {this English edition published in 2001},
  }

@book{aristotle_metaphysics,
  author       = {Aristotle},
  translator   = {W.D. Ross},
  title        = {Metaphysics},
  year         = {330BC?},
  publisher    = {University of Adelaide},
  address      = {Adelaide},
  url          = {http://etext.library.adelaide.edu.au/a/aristotle/metaphysics/},
  urlm         = {http://classics.mit.edu/Aristotle/metaphysics.html},
  }

@book{abramowitz1964,
  editor       = {Milton Abramowitz and Irene A. Stegun},
  title        = {Handbook of Mathematical Functions with Formulas, Graphs, and Mathematical Tables},
  shorttitle   = {Handbook of Mathematical Functions},
  publisher    = {National Bureau of Standards},
  year         = {1964},
  url          = {http://archive.org/details/handbookofmathem1964abra},
  language     = {English},
  }

@book{as,
  editor       = {Milton Abramowitz and Irene A. Stegun},
  title        = {Handbook of Mathematical Functions with Formulas, Graphs, and Mathematical Tables},
  shorttitle   = {Handbook of Mathematical Functions},
  publisher    = {National Bureau of Standards},
  printing     = {10},
  year         = {1972},
  urlx         = {http://www.math.sfu.ca/~cbm/aands/},
  url          = {http://www.cs.bham.ac.uk/~aps/research/projects/as/book.php},
  language     = {English},
  }

@book{akl,
  author       = {A. D. Aleksandrov and A. N. Kolmogorov and M. A. Lavrent/'ev},
  title        = {Mathematics: Its Content, Methods, and Meaning},
  shorttitle   = {Mathematics\ldots},
  publisher    = {Dover Publications},
  address      = {Mineola, New York},
  year         = {1969},
  isbn         = {0486409163},
  note         = {1999 July 7 reprint of the original 3 volume set published in the years 1962, 1963, and 1969},
  language     = {English},
  url          = {http://books.google.com/books?vid=ISBN0486409163},
  urlw         = {http://www.worldcat.org/isbn/0486409163},
  }

@book{bak2013,
  isbn10       = {1475754264},
  isbn         = {9781475754261},
  title        = {How Nature Works: the science of self-organized criticality},
  author       = {Per Bak},
  publisher    = {Springer Science \& Business Media},
  year         = {2013},
  pages        = {212},
  url          = {http://books.google.com/books?vid=ISBN1475754264},
  urla         = {http://www.amazon.com/dp/1475754264},
  urlw         = {http://www.worldcat.org/isbn/1475754264},
}  

@book{balakrishnan1996,
  title        = {Introductory Discrete Mathematics},
  author       = {V. K. Balakrishnan},
  series       = {Dover books on mathematics},
  publisher    = {Dover Publications},
  address      = {Dover books on mathematics},
  isbn         = {0486691152},
  isbn13       = {978-0486691152},
  pages        = {248},
  year         = {1996},
  url          = {http://books.google.com/books?vid=ISBN0486691152},
  urlw         = {http://www.worldcat.org/isbn/0486691152},
  urla         = {http://www.amazon.com/dp/0486691152},
  language     = {English},
  }

@book{bankman2008,
  author       = {I.N. Bankman},
  title        = {Handbook of Medical Image Processing and Analysis},
  series       = {Academic Press series in biomedical engineering},
  edition      = {2},
  year         = {2008},
  publisher    = {Academic Press},
  isbn         = {0123739047},
  isbn13       = {9780123739049},
  pages        = {1000},
  url          = {http://books.google.com/books?vid=ISBN0123739047},
  urla         = {http://www.amazon.com/dp/0123739047},
  }

@book{bendiner1980,
  isbn         = {9780399123726},
  title        = {The Fall of Fortresses},
  year         = {1980},
  month        = {May 12},
  author       = {Elmer Bendiner},
  publisher    = {Penguin Adult HC/TR},
  isbn10       = {0399123725},
  pages        = {258},
  url          = {https://books.google.com/books?id=sNBzAAAAIAAJ},
  }

@book{bogart2000,
  author       = {Kenneth P. Bogart},
  title        = {Introductory Combinatorics},
  edition      = {3},
  publisher    = {Harcourt Acedemic Press},
  address      = {San Diego},
  year         = {2000},
  isbn         = {0-12-110830-9},
  oclc         = {43070177},
  url          = {http://www.amazon.com/dp/0121108309},
  urlw         = {http://www.worldcat.org/isbn/0121108309},
  urla         = {http://www.math.dartmouth.edu/~kpbogart/},
  language     = {English},
  }

@article{bowden1985,
  author       = {Athel Comnish-Bowden},
  title        = {Nomenclature for incompletely specified bases in nucleic acid sequences: recommendations 1984},
  journal      = {Nucleic Acids Research},
  year         = {1985},
  month        = {May 10},
  volume       = {13},
  number       = {9},
  pages        = {3021--3030},
  pmcid        = {PMC341218},
  url          = {http://www.ncbi.nlm.nih.gov/pmc/articles/PMC341218/},
  }

@book{brunschwig2003,
  author       = {Jacques Brunschwig and Geoffrey Ernest Richard Lloyd and Pierre Pellegrin},
  title        = {A Guide to Greek Thought: Major Figures and Trends},
  year         = {2003},
  publisher    = {Harvard University Press},
  pages        = {486}, 
  isbn         = {9780674021563},
  isbn10       = {0674021568},
  url          = {http://books.google.com/books?vid=ISBN0674021568},
  urlw         = {http://www.worldcat.org/isbn/0674021568},
  urla         = {http://www.amazon.com/dp/0674021568},
  }  
  
@article{cifarelli1996,
  author       = {Donato Michele Cifarelli and Eugenio Regazzini},
  title        = {De Finetti's Contribution to Probability and Statistics},
  year         = {1996},
  journal      = {Statistical Science},
  volume       = {11},
  number       = {4},
  pages        = {253--282},
  url          = {http://www.jstor.org/stable/2246020},
  }

@book{comtet1974,
  author       = {Louis Comtet},
  institution  = {University of Paris-Sud (Orsay)},
  translator   = {J.W. Nienhuys},
  title        = {Advanced combinatorics: the art of finite and infinite},
  year         = {1974},
  publisher    = {D. Reidel Publishing Company},
  address      = {Dordrecht},
  oclc         = {1032084},
  pages        = {343},
  isbn         = {978-9027704412},
  isbn10       = {9027704414},
  url          = {http://books.google.com/books?vid=ISBN9027704414},
  urlw         = {http://www.worldcat.org/isbn/90277044149027704414},
  urla         = {http://www.amazon.com/dp/9027704414},
  language     = {English},
  note         = {translated and corrected version of the 1970 French edition},
  }

@book{courant,
  author       = {R. Courant and D. Hilbert},
  title        = {Methods of Mathematical Physics},
  volume       = {1},
  publisher    = {Interscience Publishers},
  address      = {New York},
  year         = {1930},
  language     = {English},
  url          = {http://www.worldcat.org/isbn/0471504475},
  }

@book{davis1999,
  author       = {Philip J. Davis and Reuben Hersh},
  title        = {The Mathematical Experience},
  year         = {1999},
  publisher    = {Houghton Mifflin Books},
  address      = {Boston},
  isbn         = {0395929687},
  url          = {http://books.google.com/books?vid=ISBN0395929687},
  urlw         = {http://www.worldcat.org/oclc/41567629},
  urla         = {http://www.amazon.com/dp/0395929687},
  language     = {English},
  pages        = {464},
  }

@article{definetti1930a,
  author       = {Bruno de Finetti},
  title        = {Sui passaggi al limite nel calcolo delle probabilit/`a},
  year         = {1930},
  journal      = {Rendiconti del Reale Istituto Lombardo di Scienze e Lettere},
  volume       = {63},
  pages        = {155--166},
  }

@article{definetti1930b,
  author       = {Bruno de Finetti},
  title        = {A proposito dell'estensione del teorema delle probabilita totali alle classi numerabili},
  year         = {1930},
  journal      = {Rendiconti del Reale Istituto Lombardo di Scienze e Lettere},
  volume       = {63},
  pages        = {901--905},
  }

@article{definetti1930c,
  author       = {Bruno de Finetti},
  title        = {Ancora sull'estensione alle classi numerabili del teorema delle probabilit/`a totali},
  year         = {1930},
  journal      = {Rendiconti del Reale Istituto Lombardo di Scienze e Lettere},
  volume       = {63},
  pages        = {1063--1069},
  }

@book{demorgan1872,
  author       = {Augustus DeMorgan},
  title        = {A Budget of Paradoxes},
  isbn         = {0836951190},
  isbn13       = {978-0836951196},
  oclc         = {51773},
  edition      = {2},
  year         = {1872},
  publisher    = {Ayer Publishing},
  address      = {Freeport},
  url          = {http://www.archive.org/details/budgetofparadoxe00demouoft},
  urlgu        = {http://www.gutenberg.org/etext/23100},
  urlg         = {http://books.google.com/books?vid=ISBN0836951190},
  urlw         = {http://www.worldcat.org/isbn/0836951190},
  urla         = {http://www.amazon.com/dp/0836951190},
  }

@article{dyson1994,
  author       = {Donald J. Albers and Freeman Dyson},
  title        = {Freeman Dyson: Mathematician, Physicist, and Writer},
  journal      = {The College Mathematics Journal},
  volume       = {25},
  number       = {1},
  year         = {1994},
  month        = {January},
  pages        = {3-21},
  doi          = {10.2307/2687079},
  url          = {http://www.jstor.org/stable/2687079},
  urla         = {http://www.maa.org/pubs/cmj.html},
  language     = {English},
  }

@book{descartes1637,
  author       = {Ren/'e Descartes},
  title        = {La g/'eom/'etrie},
  shorttitle   = {La g/'eom/'etrie (The Geometry)},
  year         = {1637},
  addressX     = {Paris},
  publisherX   = {A. Hermann},
  seriesX      = {Librairie Scientifique},
  url          = {http://historical.library.cornell.edu/math/math_D.html},
  language     = {French},
  }

@book{descartes1637e,
  author       = {Ren/'e Descartes},
  translator   = {Marcia L. Latham and David Eugene Smith},
  title        = {The Geometry of Rene Descartes},
  shorttitle   = {The Geometry of Rene Descartes (La g/'eom/'etrie)},
  publisher    = {Courier Dover Publications},
  year         = {1954},
  month        = {June 1},
  isbn         = {0486600688},
  oclc         = {390697},
  note         = {orginally published by Open Court Publishing, Chicago, 1925; translation of La g/'eom/'etrie},
  urlw         = {http://www.worldcat.org/isbn/0486600688},
  url          = {http://books.google.com/books?vid=isbn0486600688},
  urla         = {http://www.amazon.com/dp/0486600688},
  }

@book{descartes_method_eng,
  author       = {Ren/'e Descartes},
  title        = {Discourse on the Method of Rightly Conducting the Reason in the Search for Truth in the Sciences},
  shorttitle   = {Discourse on the Method},
  year         = {1637}, 
  language     = {English},
  url          = {http://www.gutenberg.org/etext/59},
  }

@book{descartes_method,
  author       = {Ren/'e Descartes},
  title        = {Discours de la m/'ethode pour bien conduire sa raison,  et chercher la verite' dans les sciences},
  shorttitle   = {Discours de la m/'ethode},
  year         = {1637}, 
  publisher    = {Jan Maire},
  address      = {Leiden},
  url          = {http://www.gutenberg.org/etext/13846},
  language     = {French},
  }

@book{descartes_rules,
  author       = {Ren/'e Descartes},
  title        = {Regulae ad directionem ingenii},
  year         = {1684},
  url          = {http://www.fh-augsburg.de/~harsch/Chronologia/Lspost17/Descartes/des_re00.html},
  }

@book{descartes_rules_eng,
  author       = {Ren/'e Descartes},
  title        = {Rules for Direction of the Mind},
  year         = {1684},
  url          = {http://en.wikisource.org/wiki/Rules_for_the_Direction_of_the_Mind},
  }

@book{dunn2001,
  author       = {J. Michael Dunn and Gary M. Hardegree},
  title        = {Algebraic Methods in Philosophical Logic},
  year         = {2001},
  series       = {Oxford Logic Guides},
  volume       = {41},
  publisher    = {Oxford University Press},
  address      = {Oxford},
  isbn         = {0198531923},
  isbn13       = {978-0198531920},
  oclc         = {46240293},
  pages        = {470},
  url          = {http://books.google.com/books?vid=ISBN0198531923},
  urlw         = {http://www.worldcat.org/isbn/0198531923},
  urla         = {http://www.amazon.com/dp/0198531923},
  }

@article{elnitski2003,
  author       = {Laura Elnitski and Ross C. Hardison and Jia Li and Shan Yang and Diana Kolbe and Pallavi Eswara and Michael J. O'Connor and Scott Schwartz and Webb Miller and Francesca Chiaromonte},
  title        = {Distinguishing Regulatory DNA From Neutral Sites},
  journal      = {Genome Research},
  publisher    = {CSH Press},
  year         = {2003},
  volume       = {13},
  pages        = {64--72},
  doi          = {10.1101/gr.817703},
  url          = {http://genome.cshlp.org/content/13/1/64.long},
  }

@book{euclid,
  author       = {Euclid},
  title        = {Elements},
  year         = {circa 300BC},
  url          = {http://farside.ph.utexas.edu/euclid.html},
  urla         = {http://aleph0.clarku.edu/~djoyce/java/elements/toc.html},
  urlb         = {http://books.google.com/books?vid=OCLC39517410},
  urlc         = {http://books.google.com/books?vid=OCLC03658743},
  }

@book{feller1970,
  author       = {William Feller},
  title        = {An Introduction to Probability Theory and its Applications Volume I},
  series       = {Wiley series in probability and mathematical statistics},
  edition      = {3, revised},
  year         = {1970},
  publisher    = {John Wiley \& Sons},
  pages        = {528},
  isbn         = {9780471257080},
  isbn10       = {0471257087},
  urlg         = {http://books.google.com/books?vid=ISBN0471257087},
  urlw         = {http://www.worldcat.org/isbn/0471257087},
  url          = {http://www.amazon.com/dp/0471257087},
  }
  
@book{ferland2009,
  title        = {Discrete Mathematics: An Introduction to Proofs and Combinatorics},
  shorttitle   = {Discrete Mathematics\ldots},
  author       = {Kevin Ferland},
  year         = {2009},
  publisher    = {Cengage Learning},
  pages        = {632},
  url          = {http://books.google.com/books?vid=ISBN0618415386},
  urlw         = {http://www.worldcat.org/isbn/0618415386},
  urla         = {http://www.amazon.com/dp/0618415386},
  isbn         = {0618415386},
  isbn13       = {9780618415380},
  } 

@incollection{foulis2006,
  author       = {David J. Foulis and Richard J. Greechie and Maria Louisa Dalla Chiara and Roberto Giuntini},
  title        = {Quantum Logic},
  booktitle    = {Mathematical Tools for Physicists},
  pages        = {439--473},
  year         = {2006},
  editor       = {George L. Trigg},
  publisher    = {Wiley-VCH},
  isbn         = {3527607250},
  isbn13       = {9783527607259},
  url          = {http://books.google.com/books?vid=ISBN3527607250}
  }

@article{frechet1930a,
  author       = {Maurice Fr/'echet},
  title        = {Sur l'extension du th/'eor/`eme des probabilit/'es totales au cas d'une suite infinie d'ev/'en/'ements},
  journal      = {Ren- diconti del Reale Istituto Lombardo di Scienze e Lettere},
  volume       = {63},
  year         = {1930},
  pages        = {899--900},
  }

@article{frechet1930b,
  author       = {Maurice Fr/'echet},
  title        = {Sur l'extension du th/'eor/`eme des probabilit/'es totales au cas d'une suite infinie d'ev/'en/'ements},
  journal      = {Ren- diconti del Reale Istituto Lombardo di Scienze e Lettere},
  volume       = {63},
  year         = {1930},
  pages        = {1059--1062},
  }

@misc{freese_latdraw,
  author       = {Ralph Freese},
  institution  = {Department of Mathematics, University of Hawaii},
  address      = {Honolulu},
  title        = {LatDraw},
  howpublished = {software},
  month        = {February},
  year         = {2008},
  url          = {http://www.latdraw.org/},
  note         = {lattice rendering Java software},
  }

@book{gallier2010,
  author       = {Jean Gallier},
  title        = {Discrete Mathematics},
  series       = {Universitext},
  year         = {2010},
  publisher    = {Springer},
  pages        = {465},
  url          = {http://books.google.com/books?vid=ISBN1441980466},
  urlw         = {http://www.worldcat.org/isbn/1441980466},
  urla         = {http://www.amazon.com/dp/1441980466},
  isbn         = {1441980466},
  isbn13       = {978-1-4419-8046-5},
  }
  
@book{garg2002,
  author       = {Vijay K. Garg},
  title        = {Elements of Distributed Computing},
  year         = {2002},
  publisher    = {Wiley-Interscience},
  address      = {New York},
  pages        = {423},
  isbn         = {0471036005},
  isbn13       = {978-0471036005},
  oclc         = {50039404},
  url          = {http://books.google.com/books?vid=ISBN0471036005},
  urlw         = {http://www.worldcat.org/isbn/0471036005},
  urla         = {http://www.amazon.com/dp/0471036005},
  }

@book{gradshteyn,
  author       = {I.S. Gradshteyn and I.M. Ryzhik},
  title        = {Table of Integrals, Series, and Products},
  year         = {1980},
  isbn         = {0-12-294760-6},
  language     = {English},
  url          = {http://www.worldcat.org/isbn/0122947606},
  }

@book{graham1994,
  author       = {Ronald L. Graham and Donald Ervin Knuth and Oren Patashnik},
  title        = {Concrete Mathematics: A Foundation for Computer Science},
  shorttitle   = {Concrete Mathematics\ldots},
  year         = {1994},
  publisher    = {Addison-Wesley},
  pages        = {657},
  edition      = {2},
  url          = {http://books.google.com/books?vid=ISBN0201558025},
  urlw         = {http://www.worldcat.org/isbn/0201558025},
  urla         = {http://www.amazon.com/dp/0201558025},
  isbn         = {0201558025},
  isbn13       = {9780201558029},
  }
  
@article{granville1992,
  title        = {Zaphod Beeblebrox's Brain and the Fifty--ninth Row of Pascal's Triangle},
  author       = {Andrew Granville},
  year         = {1992},
  publisher    = {The Mathematical Association of America},
  journal      = {The American Mathematical Monthly},
  volume       = {99}, 
  number       = {4},
  month        = {April}, 
  pages        = {318--331},
  url          = {http://mathdl.maa.org/mathDL/22/?pa=content&sa=viewDocument&nodeId=2709},
  urlp         = {http://mathdl.maa.org/images/upload_library/22/Hasse/00029890.di991771.99p0549g.pdf},
  urlg         = {http://www.gianpierobiancoli.it/wp-content/uploads/2009/10/beeb.pdf},
  }

@article{granville1997,
  title        = {Correction to: Zaphod Beeblebrox's Brain and the Fifty--ninth Row of Pascal's Triangle},
  author       = {Andrew Granville},
  year         = {1997},
  publisher    = {The Mathematical Association of America},
  journal      = {The American Mathematical Monthly},
  volume       = {104}, 
  number       = {9},
  month        = {November}, 
  pages        = {848--851},
  url          = {http://www.gianpierobiancoli.it/wp-content/uploads/2009/10/beeb.pdf},
  }


@book{gray,
  author       = {Alfred Gray},
  title        = {Modern Differential Geometry of Curves and Surfaces with Mathematica\texttrademark},
  edition      = {2},
  publisher    = {CRC Press},
  address      = {Boca Raton},
  year         = {1998},
  month        = {February 1},
  isbn         = {0849371643},
  oclc         = {36949690},
  language     = {English},
  url          = {http://books.google.com/books?vid=ISBN0849371643},
  urlw         = {http://www.worldcat.org/isbn/0849371643},
  }

@book{gross2008,
  title        = {Combinatorial Methods with Computer Applications},
  series       = {Discrete Mathematics and its Applications},
  volume       = {45},
  author       = {Jonathan L. Gross},
  publisher    = {CRC Press},
  year         = {2008},
  pages        = {644},
  url          = {http://books.google.com/books?vid=ISBN1584887435},
  urlw         = {http://www.worldcat.org/isbn/1584887435},
  urla         = {http://www.amazon.com/dp/1584887435},
  isbn         = {1584887435},
  isbn13       = {9781584887430},
  }
  
@book{hassani,
  author       = {Sadri Hassani},
  title        = {Mathematical Physics; A Modern Introduction to Its Foundations},
  publisher    = {Springer},
  address      = {New York},
  pages        = {1025},
  isbn         = {0387985794},
  isbn13       = {978-0387985794},
  year         = {1999},
  url          = {http://books.google.com/books?vid=ISBN0387985794},
  urlw         = {http://www.worldcat.org/oclc/39189920},
  urla         = {http://www.amazon.com/dp/0387985794},
  }

@book{halmos1985,
  author       = {Paul R. Halmos},
  title        = {I Want to Be a Mathematician: An Automathography},
  edition      = {1},
  year         = {1985},
  month        = {December 31},
  pages        = {421},
  publisher    = {Springer-Verlag},
  address      = {New York},
  isbn         = {3540960783},
  isbn13       = {978-3540960782},
  oclc         = {11497873},
  url          = {http://books.google.com/books?vid=ISBN3540960783},
  urla         = {http://www.amazon.com/dp/3540960783},
  urlw         = {http://www.worldcat.org/isbn/0387960783},
  }

@book{halmos1973_iw,
  author       = {Paul R. Halmos},
  title        = {I Want to be a Mathematician},
  pages        = {19--48},
  publisher    = {American Mathematical Society},
  year         = {1973},
  isbn         = {0-8218-0055-8},
  oclc         = {65027261},
  library      = {QA41.H6},
  url          = {http://books.google.com/books?vid=isbn0821800558},
  urlw         = {http://www.worldcat.org/isbn/0821800558},
  urla         = {http://www.amazon.com/dp/0821800558},
  }

@incollection{halmos1973,
  author       = {Paul R. Halmos},
  title        = {How to write mathematics},
  booktitle    = {How to write mathematics},
  pages        = {19--48},
  publisher    = {American Mathematical Society},
  year         = {1973},
  isbn         = {0-8218-0055-8},
  oclc         = {65027261},
  library      = {QA41.H6},
  url          = {http://books.google.com/books?vid=isbn0821800558},
  urlw         = {http://www.worldcat.org/isbn/0821800558},
  urla         = {http://www.amazon.com/dp/0821800558},
  }

@book{harris2008,
  title        = {Combinatorics and Graph Theory},
  series       = {Undergraduate texts in mathematics},
  author       = {John Michael Harris and Jeffry L. Hirst and Michael J. Mossinghoff},
  year         = {2008},
  edition      = {2},
  publisher    = {Springer},
  pages        = {381},
  url          = {http://books.google.com/books?vid=isbn0387797106},
  urlw         = {http://www.worldcat.org/isbn/0387797106},
  urla         = {http://www.amazon.com/dp/0387797106},
  isbn         = {0387797106},
  isbn13       = {9780387797106},
  }

@incollection{hermite1893,
  author       = {Charles Hermite},
  editor       = {B. Baillaud and H. Bourget},
  title        = {Lettre \`a Stieltjes},
  booktitle    = {Correspondance d'Hermite et de Stieltjes},
  year         = {1893},
  month        = {May 20},
  publisher    = {Gauthier-Villars},
  address      = {Paris},
  volume       = {2},
  pages        = {317--319},
  note         = {published in 1905},
  }

@article{knuth1992,
  author       = {Donald Ervin Knuth},
  title        = {Convolution Polynomials},
  journal      = {The Mathematica Journal},
  year         = {1992},
  month        = {July 1},
  number       = {4},
  volume       = {2},
  pages        = {67--78},
  url          = {http://arxiv.org/abs/math/9207221},
  }

@article{knuth1992may,
  author       = {Donald Ervin Knuth},
  title        = {Two Notes on Notation},
  pages        = {403--422},
  journal      = {The American Mathematical Monthly},
  year         = {1992},
  month        = {May},
  volume       = {99},
  number       = {5},
  publisher    = {The Mathematical Association of America},
  url          = {http://www.jstor.org/stable/2325085},
  note         = {archive version available at \url{http://arxiv.org/pdf/math/9205211v1.pdf}},
  }

@book{lakatos,
  author       = {Imre Lakatos},
  editor       = {John Worrall and Elie Zahar},
  title        = {Proofs and Refutations: The Logic of Mathematical Discovery},
  year         = {1976},
  publisher    = {Cambridge University Press},
  address      = {Cambridge},
  pages        = {186},
  isbn         = {0521290384},
  isbn13       = {978-0521290388},
  url          = {http://books.google.com/books?vid=ISBN0521290384},
  urlw         = {http://www.worldcat.org/isbn/0521290384},
  urla         = {http://www.amazon.com/dp/0521290384},
  language     = {English},
  }

@techreport{nasa2015iss,
  author       = {NASA},
  title        = {Reference Guide to the International Space Station, Utilization Edition},
  year         = {2015},
  month        = {September},
  institution  = {National Aeronautics and Space Administration},
  url          = {http://www.nasa.gov/sites/default/files/atoms/files/np-2015-05-022-jsc-iss-guide-2015-update-111015-508c.pdf},
  }

@incollection{steenrod,
  author       = {Norman E. Steenrod},
  title        = {How to write mathematics},
  booktitle    = {How to write mathematics},
  pages        = {1--17},
  publisher    = {American Mathematical Society},
  year         = {1973},
  isbn         = {0-8218-0055-8},
  oclc         = {65027261},
  library      = {QA41.H6},
  url          = {http://books.google.com/books?vid=isbn0821800558},
  urlw         = {http://www.worldcat.org/isbn/0821800558},
  urla         = {http://www.amazon.com/dp/0821800558},
  }

@book{matthews,
  author       = {John H. Matthews and Kurtis D. Fink},
  title        = {Numerical Methods Using MatLab 3rd edition},
  publisher    = {Prentice-Hall, Inc.},
  address      = {Upper River, NJ},
  year         = {1992},
  isbn         = {0-13-013164-4},
  language     = {English},
  }

@book{isham1999,
  author       = {Chris J. Isham},
  title        = {Modern Differential Geometry for Physicists},
  edition      = {2},
  publisher    = {World Scientific Publishing},
  address      = {New Jersey},
  year         = {1999},
  isbn         = {9810235623},
  oclc         = {40838441},
  language     = {English},
  url          = {http://books.google.com/books?vid=ISBN9810235623},
  urlw         = {http://www.worldcat.org/isbn/9810235623},
  }

@book{kolmogorov1933,
  author       = {Andrei N. Kolmogorov},
  title        = {Grundbegriffe der Wahrscheinlichkeitsrechnung},
  publisher    = {Springer},
  address      = {Berlin},
  language     = {German},
  year         = {1933},
  }
  
@book{korn,
  author       = {Granino A. Korn and Theresea M. Korn},
  title        = {Mathematical Handbook for Scientists and Engineers; Definitions, Theorems, and Formulas for Reference and Review},
  shorttitle   = {Mathematical Handbook for Scientists and Engineers},
  edition      = {2},
  year         = {1968},
  publisher    = {McGraw-Hill, Inc.},
  address      = {New York},
  isbn         = {0486411478},
  oclc         = {43864234},
  language     = {English},
  url          = {http://books.google.com/books?vid=ISBN0486411478},
  urlw         = {http://www.worldcat.org/isbn/0486411478},
  }

@book{mathews,
  author       = {Jon Mathews and Robert L. Walker},
  title        = {Mathematical Methods of Physics},
  edition      = {2},
  year         = {1971},
  month        = {January 1},
  publisher    = {Addison Wesley},
  isbn         = {0805370021},
  isbn13       = {978-0805370027},
  oclc         = {90095},
  language     = {english},
  pages        = {501},
  url          = {http://www.amazon.com/dp/0805370021},
  urlw         = {http://www.worldcat.org/isbn/0805370021},
  urlg         = {http://books.google.com/books?vid=ISBN0805370021},
  }

@book{maxima5280,
  title        = {Maxima Manual version 5.28.0},
  key          = {maxima},
  edition      = {5.28.0},
  url          = {http://maxima.sourceforge.net/documentation.html},
  language     = {English},
  pages        = {1046},
  }

@article{muhl2001,
  author       = {Charles J. Muhl},
  title        = {The employment-at-will doctrine: three major exceptions},
  journal      = {Monthly Labor Review},
  year         = {2001},
  url          = {https://www.bls.gov/opub/mlr/2001/01/art1full.pdf},
  pages        = {3--11},
  }

@article{narens2014,
  author       = {Louis Narens},
  title        = {Alternative Probability Theories for Cognitive Psychology},
  journal      = {Topics in Cognitive Science},
  year         = {2014},
  month        = {January},
  pages        = {114--120},
  doi          = {10.1111/tops.12071},
  volume       = {6},
  number       = {1},
  issn         = {1756-8757},
  url          = {http://onlinelibrary.wiley.com/doi/10.1111/tops.12071/full},
  }

@book{paine2000,
  isbn10       = {0395984149},
  isbn         = {9780395984147},
  url          = {http://books.google.com/books?vid=ISBN9780395984149},
  title        = {Warships of the World to 1900},
  series       = {Ships of the World Series},
  author       = {Lincoln P. Paine},
  publisher    = {Houghton Mifflin Harcourt},
  year         = {2000},
  pages        = {266},
  }
  
@book{pascal1655,
  author       = {Blaise Pascal},
  title        = {Trait{/'e} du Triangle Arithm{/'e}tique},
  year         = {1655},
  urlx         = {http://www.lib.cam.ac.uk/deptserv/rarebooks/PascalTraite/pascalintro.pdf},
  pages        = {36},
  }

@book{pascal1670,
  author       = {Blaise Pascal},
  title        = {Pens/'ees},
  publisher    = {Wikisource},
  year         = {1670},
  url          = {http://en.wikisource.org/wiki/Pens%C3%A9es},
  }

@book{popper1962,
  title        = {Conjectures and refutations: the growth of scientific knowledge},
  author       = {Karl Raimund Popper},
  publisher    = {Basic Books},
  year         = {1962},
  pages        = {412},
  url          = {https://books.google.com/books?id=OBgNAQAAIAAJ},
  }

@book{popper1963,
  isbn10       = {1135971307},
  isbn         = {9781135971304},
  title        = {Conjectures and refutations: the growth of scientific knowledge},
  author       = {Karl Raimund Popper},
  publisher    = {Routledge},
  year         = {1963},
  edition      = {2},
  pages        = {608},
  urlw         = {http://www.worldcat.org/isbn/1135971307},
  urla         = {http://www.amazon.com/dp/1135971307},
  }

@book{rivlin,
  author       = {Theodore J. Rivlin},
  title        = {An Introduction to the Approximation of Functions},
  publisher    = {Dover Publications},
  address      = {New York},
  year         = {1969},
  isbn         = {0-486-64069-8},
  oclc         = {7511641},
  language     = {English},
  url          = {http://books.google.com/books?vid=ISBN0486640698},
  urlw         = {http://www.worldcat.org/isbn/0486640698},
  }

@book{rose1988,
  author       = {John De Pillis and Nicholas J. Rose},  
  title        = {Mathematical Maxims and Minims},
  publisher    = {Rome Press},
  address      = {Raleigh},
  year         = {1988},
  language     = {English},
  asin         = {B000GH888I},
  oclc         = {20282324},
  url          = {http://books.google.com/books?id=0zcfGQAACAAJ},
  urla         = {http://www.amazon.com/Mathematical-Maxims-Minims/dp/B000GH888I},
  urlw         = {http://www.worldcat.org/oclc/20282324},
  }

@book{saxelby1920,
  author       = {Frank Moulton Saxelby},
  title        = {A course in practical mathematics},
  year         = {1920},
  url          = {https://archive.org/details/courseinpractica00saxerich/},
  edition      = {6},
  publisher    = {Longmans, Green, and Co.},
  address      = {39 Paternoster Row, London},
  }

@book{stanley1997,
  title        = {Enumerative Combinatorics},
  series       = {Cambridge studies in advanced mathematics},
  volume       = {49},
  author       = {Richard P. Stanley},
  edition      = {1},
  year         = {1997},
  publisher    = {Cambridge University Press},
  isbn         = {0-521-55309-1},
  url          = {http://books.google.com/books?vid=ISBN0521663512},
  urlw         = {http://www.worldcat.org/isbn/0521553091},
  urla         = {http://www.amazon.com/dp/0521553091},
  }

@book{stanley1997r,
  title        = {Enumerative Combinatorics},
  series       = {Cambridge studies in advanced mathematics},
  volume       = {49},
  author       = {Richard P. Stanley},
  contributor  = {W. Fulton},
  edition      = {2},
  publisher    = {Cambridge University Press},
  year         = {1997},
  isbn         = {0521663512},
  isbn13       = {978-0521663519},
  pages        = {338},
  url          = {http://books.google.com/books?vid=ISBN0521663512},
  urlw         = {http://www.worldcat.org/isbn/0521663512},
  urla         = {http://www.amazon.com/dp/0521663512},
  }

@book{stopple2003,
  author       = {Jeffrey Stopple},
  title        = {A Primer of Analytic Number Theory: From Pythagoras to Riemann},
  year         = {2003},
  month        = {June},
  publisher    = {Cambridge University Press},
  address      = {Cambridge},
  pages        = {398},
  isbn         = {0521012538},
  isbn13       = {978-0521012539},
  oclc         = {51047132},
  url          = {http://books.google.com/books?vid=ISBN0521012538},
  urlw         = {http://www.worldcat.org/isbn/0521012538},
  urla         = {http://www.amazon.com/dp/0521012538},
  language     = {English},
  }

@book{weisstein2002,
  isbn10       = {1420035223},
  isbn         = {9781420035223},
  title        = {CRC Concise Encyclopedia of Mathematics},
  author       = {Eric W. Weisstein},
  edition      = {2, revised},
  publisher    = {CRC Press},
  year         = {2002},
  pages        = {3252},
  url          = {http://books.google.com/books?vid=ISBN1420035223},
  urla         = {http://www.amazon.com/dp/1420035223},
  urlw         = {http://www.worldcat.org/isbn/1420035223},
  }

@article{weyl1935,
  title        = {Emmy Noether},
  author       = {Hermann Weyl},
  year         = {1935},
  month        = {April 26},
  journalx     = {Scripta Mathematica: A Quarterly Journal Devoted to the Philosophy, History, and Expository Treatment of Mathematics},
  journal      = {Scripta Mathematica\ldots},
  volume       = {3},
  pages        = {201--220},
  note         = {memorial address at Bryn Mawr College},
  url          = {http://link.springer.com/chapter/10.1007/978-1-4684-0535-4_6},
  }

@incollection{weyl1935p,
  title        = {Emmy Noether},
  booktitle    = {Levels of Infinity: Selected Writings on Mathematics and Philosophy},
  author       = {Hermann Weyl},
  editor       = {Peter Pesic},
  year         = {1935},
  month        = {April 26},
  publisher    = {Courier Dover Publications},
  isbn10       = {0486266931},
  isbn         = {9780486266930},
  url          = {http://books.google.com/books?vid=ISBN0486266931},
  urlw         = {http://www.worldcat.org/isbn/0486266931},
  urla         = {http://www.amazon.com/dp/0486266931},
  }

@incollection{weyl1935d,
  title        = {Emmy Noether},
  booktitle    = {Emmy Noether 1882--1935},
  author       = {Hermann Weyl},
  editor       = {Auguste Dick},
  year         = {1935},
  month        = {April 26},
  publisher    = {Birkh/:auser},
  address      = {Boston},
  isbn         = {978-1-4684-0537-8},
  pages        = {112--152},
  url          = {http://link.springer.com/chapter/10.1007/978-1-4684-0535-4_6},
  }

@book{wiener1948,
  title        = {Cybernetics Or Communication And Control In The Animal And The Machine},
  author       = {Norbert Wiener},
  year         = {1948},
  url          = {https://archive.org/details/CyberneticsOrCommunicationAndControlInTheAnimalAndTheMachineNorbertWiener/page/n0},
  edition      = {1},
  publisher    = {M.I.T. Press},
  address      = {Cambridge, MA, USA},
  }
  
@article{yates1963,
  title        = {Ronald Aylmer Fisher, 1890--1962},
  journal      = {Biographical Memoirs of Fellows of the Royal Society of London},
  volume       = {9},
  pages        = {90--120},
  year         = {1963},
  month        = {November},
  author       = {Frank Yates and Kenneth Mather},
  publisher    = {Royal Society of London},
  url          = {https://doi.org/10.1098/rsbm.1963.0006},
  note         = {print ISSN:0080-4606, online ISSN:1748-8494, \url{https://pdfs.semanticscholar.org/6ccd/4303f68f3543fc794c376ce00395947a79b6.pdf}},
  }

@book{zayed,
  author       = {Ahmed I. Zayed},
  editor       = {Daniel Zwillinger},
  title        = {Handbook of Function and Generalized Function Transformations},
  series       = {Mathematical Sciences Reference Series},
  isbn         = {0849378516},
  isbn13       = {978-0849378515},
  language     = {English},
  year         = {1996},
  pages        = {672},
  publisher    = {CRC Press},
  address      = {Boca Raton},
  url          = {http://books.google.com/books?vid=ISBN0849378516},
  urlw         = {http://www.worldcat.org/oclc/33442469},
  urla         = {http://www.amazon.com/dp/0849378516},
  }






@book{deonaraine,
  author       = {Ramesh Deonaraine},
  title        = {Power Quotes to Energize Your Life: A Motivational System to Make You More Dynamic},
  shorttitle   = {Power Quotes to Energize Your Life},
  isbn         = {0595288553},
  publisher    = {iUniverse},
  year         = {2003},
  month        = {November 1},
  pages        = {132},
  url          = {http://books.google.com/books?vid=isbn0595288553},
  urla         = {http://www.amazon.com/dp/0595288553},
  }

@book{ewen1950,
  author       = {David Ewen},
  title        = {The Book of Modern Composers},
  year         = {1950},
  publisher    = {Alfred A. Knopf},
  address      = {New York},
  pages        = {586},
  url          = {http://books.google.com/books?id=yHw4AAAAIAAJ},
  }

@book{ewen1961,
  author       = {David Ewen},
  title        = {The New Book of Modern Composers},
  year         = {1961},
  publisher    = {Alfred A. Knopf},
  address      = {New York},
  pages        = {491},
  edition      = {3},
  url          = {http://books.google.com/books?id=bZIaAAAAMAAJ},
  }

@book{housman1936,
  author       = {Alfred Edward Housman},
  title        = {More Poems},
  publisher    = {Alfred A. Knopf}, 
  year         = {1936},
  asin         = {B000GSOU4S},
  language     = {english},
  pages        = {146},
  url          = {http://books.google.com/books?id=rTMiAAAAMAAJ},
  urlw         = {http://www.worldcat.org/oclc/68915119},
  urla         = {http://www.amazon.com/E-Housman-More-Poems/dp/B000GSOU4S},
  urlgalt      = {http://books.google.com/books?vid=ISBN1853264113},
  }

@book{kenko_keene,
  author       = {Kenko, Yoshida},
  translator   = {Donald Keene},
  title        = {Tsurezure-Gusa (Essays in Idleness)},
  note         = {author's original name was Urabe Kaneyoshi},
  year         = {circa 1330},
  address      = {Japan},
  isbn         = {0231112556},
  isbn13       = {978-0231112550},
  oclc         = {39525115},
  publisher    = {Columbia University Press},
  edition      = {New Ed},
  yearx        = {1998},
  monthx       = {April 15},
  url          = {http://www.amazon.com/dp/0231112556},
  urlw         = {http://www.worldcat.org/isbn/0231112556},
  }

@book{kenko_sansom,
  author       = {Kenko, Yoshida},
  translator   = {George Bailey Sansom},
  title        = {The Tsuredzure Gusa of Yoshida No Kaneyoshi. Being the meditations of a recluse in the 14th Century (Essays in Idleness)},
  shorttitle   = {The Tsuredzure Gusa of Yoshida No Kaneyoshi\ldots},
  notex        = {author's original name was Urabe Kaneyoshi},
  year         = {circa 1330},
  note         = {1911 translation of circa 1330 text},
  url          = {http://www.humanistictexts.org/kenko.htm},
  }

@book{machiavelli,
  title        = {The Literary Works of Machiavelli: 
                  Mandragola, Clizia, A Dialogue on Language, and Belfagor, 
                  with Selections from the Private Correspondence},
  shorttitle   = {The Literary Works of Machiavelli:\ldots},
  author       = {Niccol\`o Machiavelli},
  translator   = {John Rigby Hale},
  publisher    = {Oxford University Press},
  year         = {1961},
  asin         = {B000J41AA6, B0006DGGNQ},
  isbn         = {0313212481},
  oclc         = {4804825},
  url          = {http://www.worldcat.org/isbn/0313212481},
  urla         = {http://www.amazon.com/dp/0313212481},
  }

@book{plato1875,
  author       = {Plato},
  title        = {The Dialogues of Plato},
  translator   = {Benjamin Jowett},
  year         = {1875},
  language     = {English},
  publisher    = {Clarendon Press}, 
  url          = {http://books.google.com/books?id=4FANAAAAIAAJ},
  }

@incollection{autonne1901,
  author       = {L/'eon Autonne},
  title        = {Sur l'Hermitien (On the Hermitian)},
  booktitle    = {Comptes Rendus Des S/'eAnces De L'Acad/'eMie Des Sciences},
  publisher    = {De L'Acad/'emie des sciences (Academy of Sciences)},
  address      = {Paris},
  volume       = {133},
  year         = {1901},
  pages        = {209--268},
  language     = {French},
  url          = {http://visualiseur.bnf.fr/Visualiseur?O=NUMM-3089},
  note         = {Comptes Rendus Des S/'eAnces De L'Acad/'eMie Des Sciences
                  (Reports Of the Meetings Of the Academy of Science)},
  }

@article{autonne1902,
  author       = {L/'eon Autonne},
  title        = {Sur l'Hermitien (On the Hermitian)},
  journalx     = {Rendiconti del Circolo Matematico di Palermo (Statements of the Mathematical Circle of Palermo)},
  journal      = {Rendiconti del Circolo Matematico di Palermo}, 
  volume       = {16},
  year         = {1902},
  pages        = {104--128},
  language     = {French},
  note         = {Rendiconti del Circolo Matematico di Palermo (Statements of the Mathematical Circle of Palermo)},
  notex        = {First introduced unitary operators (steen1973 page 373)
                  posted querry at sci.math 2007may28},
  }

@article{cantor_manifolds_3,
  author       = {Georg Cantor},
  title        = {Ueber unendliche, lineare Punktmannichfaltigkeiten 3
                 (On infinite linear manifold of points 3)},
  shorttitle   = {Ueber unendliche, lineare Punktmannichfaltigkeiten 3},
  journal      = {Mathematische Annalen},
  volume       = {20},
  year         = {1882},
  pages        = {113-121},
  url          = {http://dz-srv1.sub.uni-goettingen.de/cache/toc/D35867.html},
  language     = {German},
  }

@article{cayley1858,
  author       = {Arthur Cayley},
  year         = {1858},
  title        = {A memoir on the theory of matrices},
  journalx     = {\href{http://en.wikipedia.org/wiki/Philosophical_Transactions_of_the_Royal_Society_of_London}
                       {Philosophical Transactions of the Royal Society of London}},
  journal      = {Philosophical Transactions of the Royal Society of London},
  publisher    = {The Royal Society},
  issn         = {1364-503X},
  volume       = {148},
  pages        = {17--37},
  url          = {http://www.jstor.org/view/02610523/ap000059/00a00020/0},
  }

@article{jensen1906,
  author       = {J. L. W. V. Jensen},
  title        = {Sur les fonctions convexes et les ine'galite's entre les valeurs moyennes
                 (On the convex functions and the inequalities between the average values)},
  shorttitle   = {Sur les fonctions convexes et les ine'galite's entre les valeurs moyennes},
  journal      = {Acta Mathematica},
  publisher    = {Institut Mittag-Leffler The Royal Swedish Academy of Sciences},
  address      = {Djursholm, Sweden},
  year         = {1906},
  month        = {December},
  issn         = {0001-5962},
  doi          = {10.1007/BF02418571},
  pages        = {175-193},
  volume       = {30},
  number       = {1},
  url          = {http://www.springerlink.com/content/r55q1411g840j446/},
  }

@incollection{lagrange1795,
  author       = {Lagrange},
  year         = {1795},
  title        = {Le\c{c}ons /'el/'ementaires sur les math/'ematiques donn/'ees \`a l'/'ecole normale en 1795, S/'eances des Ecoles Normales, 1794--1795},
  shorttitle   = {Le\c{c}ons /'el/'ementaires sur les math/'ematiques\ldots},
  booktitle    = {{\OE}uvres compl\`etes},
  volume       = {7},
  pages        = {183--288},
  url          = {http://math-doc.ujf-grenoble.fr/cgi-bin/oeitem?id=OE_LAGRANGE__7_183_0},
  }

@phdthesis{lalescu1908,
  author       = {Traian Lalescu},
  title        = {Sur les /'equations de Volterra},
  school       = {University of Paris},
  year         = {1908},
  note         = {advisor was /'Emile Picard},
  }

@book{lalescu1911,
  author       = {Traian Lalescu},
  title        = {Introduction \`a la th/'eorie des /'equations int/'egrales
                  (Introduction to the Theory of Integral Equations)},
  shorttitle   = {Introduction \`a la th/'eorie des /'equations int/'egrales},
  publisher    = {Librairie Scientifique A. Hermann},
  address      = {Paris},
  year         = {1911},
  language     = {French},
  pages        = {152+vii},
  oclc         = {1278521},
  url          = {http://www.worldcat.org/oclc/1278521},
  urljfm       = {http://www.zentralblatt-math.org/zmath/en/advanced/?q=an:43.0438.05},
  note         = {first book about integral equations ever published},
  }

@article{liouville1837b,
  author       = {J. Liouville},
  journal      = {J. des Math},
  year         = {1837},
  volume       = {2},
  pages        = {22--25},
  }

@book{maclaurin,
  author       = {Colin Maclaurin},
  title        = {Treatise of Fluxions},
  year         = {1742},
  asin         = {B000863E7M},
  publisher    = {W. Baynes},
  language     = {English},
  url          = {http://www.amazon.com/dp/B000863E7M},
  }

@incollection{deWitt,
  author       = {Johan de Witt},
  title        = {Elementa curvarum linearum (Elements of Curves)},
  year         = {1659},
  booktitle    = {La G/'eom/'etrie},
  note         = {Elementa curvarum linearum was an appendix to de Witt's translation of
                  of Descartes' {\em La G/'eom/'etrie}},
  }

@article{hilbert1927,
  author       = {David Hilbert and Lothar Nordheim and John von Neumann},
  title        = {\"Uber die Grundlagen der Quantenmechanik (On the bases of quantum mechanics)},
  shorttitle   = {\"Uber die Grundlagen der Quantenmechanik},
  journal      = {Mathematische Annalen},
  volume       = {98},
  year         = {1927},
  pages        = {1--30},
  publisher    = {Springer},
  address      = {Berlin, Heidelberg},
  issn         = {0025-5831 (print) 1432-1807 (online)},
  url          = {http://dz-srv1.sub.uni-goettingen.de/cache/toc/D27776.html},
  language     = {German},
  }

@book{rheticus,
  author       = {Georg Joachim Rheticus},
  title        = {Opus palatinum de triangulis (Canon of the Science of Triangles)},
  year         = {1551},
  address      = {Leipzig},
  }

@techreport{ruzicka2015,
  author       = {Alex Ruzicka and Jeffrey Grossman and Audrey Bouvier and Christopher D.K. Herd and Carl B. Agee},
  title        = {The Meteoritical Bulletin},
  institution  = {The Meteoritical Society},
  number       = {102},
  year         = {2015},
  month        = {August 19},
  pages        = {248},
  url          = {http://www.lpi.usra.edu/meteor/docs/mb102.pdf},
  }

@article{schur1909,
  author       = {Isaac Schur},
  title        = {Uber die charakterischen Wurzeln einer linearen Substitution
                  mit enier Anwendung auf die Theorie der Integralgleichungen
                  (Over the characteristic roots of one linear substitution with an application to the theory of the Integral)
                 },
  shorttitle   = {Uber die charakterischen Wurzeln einer linearen Substitution\ldots},
  journal      = {Mathematische Annalen},
  volume       = {66},
  year         = {1909},
  pages        = {488--510},
  url          = {http://dz-srv1.sub.uni-goettingen.de/cache/toc/D38231.html},
  language     = {German},
  }

@incollection{smylie1973,
  isbn         = {9780323148368},
  isbn10       = {0323148360},
  booktitle    = {Methods in Computational Physics: Advances in Research and Applications},
  editor       = {Bruce Bolt},
  serieseditor = {Berni Alder and Sidney Fernbach and Manuel Rotenberg},
  series       = {Geophyics},
  volume       = {13},
  title        = {Analysis of Irregularities in the Earth's Rotation},
  author       = {D. E. Smylie and G. K. C. Clarke and T. J. Ulrych},
  year         = {1973},
  pages        = {391--340},
  publisher    = {Academic Press},
  url          = {http://books.google.com/books?vid=ISBN9780323148368},
  urla         = {http://www.amazon.com/dp/9780323148368},
  }

@article{sylvester1852,
  year         = {1852},
  author       = {James Joseph Sylvester},
  title        = {A demonstration of the theorem that every homogeneous quadratic
                  polynomial is reducible by real orthogonal substitution to the form of a sum of positive and
                  negative squares},
  journal      = {Philosophical Magazine},
  publisher    = {Taylor \& Francis Group},
  address      = {London},
  volume       = {4},
  pages        = {138--142},
  }

@book{thomae1875,
  author       = {Carl Johannes Thomae and Carl Neumann},
  title        = {Einleitung in die Theorie der bestimmten Integrale},
  address      = {Halle/Saale},
  publisher    = {Louis Nebert},
  year         = {1875},
  language     = {German},
  oclc         = {9114039},
  jfm          = {7.0153.01},
  url          = {http://www.worldcat.org/oclc/9114039},
  urlj         = {http://www.emis.de/cgi-bin/jfmen/MATH/JFM/quick.html?&type=html&an=JFM%2007.0153.01},
  note         = {Introduction into the Theory of the certain Integrals},
  }

@article{veblen1904,
  author       = {Oswald Veblen},
  title        = {A System of Axioms for Geometry},
  journal      = {Transactions of the American Mathematical Society},
  year         = {1904},
  month        = {July 5},
  doi          = {10.2307/1986462},
  url          = {http://www.jstor.org/stable/1986462},
  }

@techreport{yeomans2013,
  author       = {Don Yeomans and Paul Chodas},
  title        = {Additional Details on the Large Fireball Event over Russia on Feb. 15, 2013},
  institution  = {Near Earth Object Program},
  year         = {2013},
  month        = {March 05},
  url          = {http://neo.jpl.nasa.gov/news/fireball_130301.html},
  }

@book{jeffrey1995,
  author       = {Alan Jeffrey},
  title        = {Handbook of Mathematical Formulas and Integrals},
  year         = {1995},
  publisher    = {Academic Press},
  month        = {May 19},
  pages        = {410},
  edition      = {1},
  isbn         = {0123825806},
  url          = {http://books.google.com/books?vid=ISBN1483295141},
  urla         = {http://www.amazon.com/dp/0123825806},
  note         = {``Many of the entries are based on the updated fifth edition of Gradshteyn and Ryzhik's ``Tables of Integrals, Series, and Products," though during the preparation of the the book, results were also taken from various other reference works." --- Preface, page xix},
  }
  
@book{jeffrey2008,
  isbn10       = {0080556841},
  author       = {Alan Jeffrey and Hui Hui Dai},
  title        = {Handbook of Mathematical Formulas and Integrals},
  series       = {Handbook of Mathematical Formulas and Integrals Series},
  year         = {2008},
  publisher    = {Academic Press},
  month        = {January 18},
  pages        = {592},
  edition      = {4},
  isbn         = {9780080556840},
  url          = {http://books.google.com/books?vid=ISBN0080556841},
  urlw         = {http://www.worldcat.org/isbn/0080556841},
  urla         = {http://www.amazon.com/dp/0080556841},
  }

@article{muniz1953,
  author       = {Eddie Ortiz Muniz},
  title        = {A Method for Deriving Various Formulas in Electrostatics and Electromagnetism Using Lagrange's Trigonometric Identities},
  year         = {1953},
  journal      = {American Journal of Physics},
  volume       = {21}, 
  number       = {140},
  doi          = {10.1119/1.1933371},
  url          = {http://dx.doi.org/10.1119/1.1933371}
  }

