%============================================================================
% Daniel J. Greenhoe
% LaTeX File
% BibTeX input file
%============================================================================

@article{allemang1979,
  author       = {Randall J. Allemang and R. Zimmerman and David L. Brown},
  year         = {1979},
  title        = {Technlqucs of Reducing Noise in Frquency Response Measurements},
  journal      = {ASME Winter Annual Meeting},
  note         = {session on Application of System Identlfication Techniques},
  }

@article{allemang1987,
  author       = {Randall J. Allemang and David L. Brown and Robert W. Rost},
  number       = {AFWAL-TR-87-3069},
  volume       = {2},
  journal      = {Experimental Modal Analysis And Dynamic Component Synthesis},
  volume       = {11},
  journal      = {Measurement Techniques for Experimental Modal Analysis},
  institution  = {Structural Dynamics Research Laboratory Department of Mechanical and Industrial Engineering University of Cincinnati},
  address      = {Cincinnati, Ohio 45221-0072},
  month        = {December},
  year         = {1987},
  url          = {https://apps.dtic.mil/dtic/tr/fulltext/u2/a195145.pdf},
  }

@book{bendat2011,
  isbn10       = {1118210824},
  isbn         = {9781118210826},
  title        = {Random Data: Analysis and Measurement Procedures},
  volume       = {729},
  year         = {2010},
  series       = {Wiley Series in Probability and Statistics},
  author       = {Julius S. Bendat and Allan G. Piersol},
  edition      = {4},
  publisher    = {John Wiley \& Sons},
  pages        = {640},
  url          = {http://books.google.com/books?vid=ISBN1118210824},
  urla         = {http://www.amazon.com/dp/1118210824},
  }

@book{billingsley1995,
  author       = {Patrick Billingsley},
  title        = {Probability And Measure},
  year         = {1995},
  edition      = {3},
  pages        = {608},
  publisher    = {Wiley},
  language     = {English},
  series       = {Wiley series in probability and mathematical statistics},
  isbn10       = {0-471-00710-2},
  isbn         = {978-0471007104},
  url          = {http://books.google.com/books?vid=ISBN0471007102},
  urlw         = {http://www.worldcat.org/isbn/0471007102},
  urla         = {http://www.amazon.com/dp/0471007102},
  }

@article{bernoulli1783,
  author       = {Daniel Bernoulli},
  year         = {1783},
  title        = {Specimen Theoriae Novae de Mensura Sortis},
  journal      = {Commentarri Academiae Scientiarum Imperialis Petropolitanae},
  volume       = {V},
  pages        = {175--192},
  note         = {journal: Papers of the Imperial Academy of Sciences in Petersburg},
  }

@article{bernoulli1783e,
  author       = {Daniel Bernoulli},
  translator   = {Louise Sommer},
  year         = {1783},
  title        = {Expectation of a New Theory on the Measurement of Risk},
  journal      = {Econometrica},
  volume       = {22},
  number       = {1},
  url          = {http://msuweb.montclair.edu/~lebelp/BernoulliDRiskEc19541738.pdf},
  urle         = {http://www.econ.ucsb.edu/~tedb/Courses/GraduateTheoryUCSB/Bernoulli.pdf},
  urlj         = {http://www.jstor.org/stable/1909829},
  language     = {English},
  note         = {This article was originally published in Latin and has been translated into English.
                  The English version was published January 1954.},
  pages        = {23--36},
  }

@book{cover,
  author       = {T.M. Cover and Joy A. Thomas},
  title        = {Elements of Information Theory},
  publisher    = {John Wiley \& Sons, Inc.},
  address      = {New York},
  year         = {1991},
  isbn         = {0-471-06259-6},
  urlw         = {http://www.worldcat.org/isbn/0471062596},
  url          = {http://www.amazon.com/dp/0471062596},
  urlx         = {http://www-isl.stanford.edu/~jat/eit2/index.shtml},
  language     = {English},
  oclc         = {22305429},
  }

@book{feller1971,
  author       = {William Feller},
  title        = {An Introduction to Probability Theory and its Applications Volume II},
  edition      = {2},
  year         = {1971},
  publisher    = {John Wiley \& Sons/ Mei Ya Publications},
  address      = {New York/Taipei},
  }

@book{helstrom1991,
  isbn10       = {0023535717},
  isbn         = {9780023535710},
  title        = {Probability and Stochastic Processes for Engineers},
  series       = {Maxwell Macmillan international editions in engineering},
  author       = {Carl W. Helstrom},
  edition      = {2},
  publisher    = {Macmillan},
  year         = {1991},
  pages        = {610},
  url          = {http://books.google.com/books?vid=ISBN0023535717},
  urla         = {http://www.amazon.com/dp/0023535717},
  }

@book{kay1988,
  isbn10       = {8131733564},
  isbn         = {9788131733561},
  author       = {Steven M. Kay},
  title        = {Modern Spectral Estimation: Theory and Application},
  url          = {http://books.google.com/books?vid=ISBN8131733564},
  urla         = {http://www.amazon.com/dp/8131733564},
  series       = {Prentice-Hall signal processing series},
  publisher    = {Prentice Hall},
  year         = {1988},
  pages        = {543},
  }

@book{gallager,
  author       = {Robert G. Gallager},
  title        = {Information Theory and Reliable Communication},
  publisher    = {Wiley},
  year         = {1968},
  isbn         = {0471290483},
  url          = {http://www.worldcat.org/isbn/0471290483},
  urla         = {http://www.amazon.com/dp/0471290483},
  urlg         = {http://www.ieee.org/organizations/history\_center/legacies/gallager.html},
  }

@book{kolmogorov1933e2,
  author       = {Andrei Nikolaevich Kolmogorov},
  translator   = {Nathan Morrison},
  title        = {Foundations of the theory of probability},
  note         = {1956 2nd edition English translation of A. N. Kolmogorov's 1933 ``Grundbegriffe der Wahrscheinlichkeitsrechnung"},
  edition      = {2},
  publisher    = {Chelsea Publishing Company},
  address      = {New Yourk},
  language     = {English},
  year         = {1933},
  pages        = {84},
  asin         = {B0006AUOGO},
  isbn         = {B0006AUOGO},
  url          = {http://statweb.stanford.edu/~cgates/PERSI/Courses/Phil166-266/Kolmogorov-Foundations.pdf},
  }

@article{leuridan1986,
  author       = {J. Leuridan and J. De Vis and D., Van der Auweraer H. F. Lembregts},
  title        = {"A comparison of some frequency response function measurement techniques},
  booktitle    = {Proceedings of the 4th International Modal Analysis Conference IMAC},
  address      = {Los Angeles, CA},
  pages        = {908--918},
  year         = {1986},
  url          = {https://www.researchgate.net/publication/283994172},
  }

@book{manolakis2005,
  isbn10       = {1580536107},
  isbn         = {9781580536103},
  title        = {Statistical and Adaptive Signal Processing: Spectral Estimation, Signal Modeling, Adaptive Filtering, and Array Processing},
  series       = {Artech House signal processing library},
  author       = {Dimitris G. Manolakis and Vinay K. Ingle and Stephen M. Kogon},
  edition      = {illustrated, reprint},
  publisher    = {Artech House},
  year         = {2005},
  pages        = {796},
  urlg         = {http://books.google.com/books?vid=ISBN1580536107},
  url          = {http://www.amazon.com/dp/1580536107},
  }

@book{matheron1975,
  author       = {Georges Matheron},
  title        = {Random Sets and Integral Geometry},
  publisher    = {John Wiley \& Sons},
  address      = {New York}, 
  year         = {1975},
  isbn         = {0-471-57621-2},
  note         = {Library QA273.5.M37},
  url          = {http://www.worldcat.org/isbn/0471576212},
  }

@article{matlab_cpsd,
  url          = {https://www.mathworks.com/help/signal/ref/cpsd.html},
  author       = {MatLab},
  title        = {cpsd: Cross power spectral density},
  journal      = {MatLab},
  year         = {2018},
  month        = {accessed 2018 November 26},
  publisher    = {The MathWorks, Inc.},
  }

@article{matlab_xcorr,
  url          = {https://www.mathworks.com/help/signal/ref/xcorr.html},
  author       = {MatLab},
  title        = {xcorr: Cross-correlation},
  journal      = {MatLab},
  year         = {2018},
  month        = {accessed 2018 November 26},
  publisher    = {The MathWorks, Inc.},
  }

@book{montmort1713,
  isbn         = {978-0-8218-3781-8},
  isbn10       = {0821837818},
  url          = {http://books.google.com/books?vid=ISBN9780821837818},
  editor       = {Pierre R/'emond de Montmort},
  authorx      = {Nicolas Bernoulli},
  title        = {Essay D'analyse sur Les Jeux de Hazard},
  year         = {1713},
  edition      = {2},
  language     = {French},
  note         = {``Essays on the analysis of games of chance", 2006 AMS reprint edition,
                  An English translation concerning the \emph{St. Petersburg Paradox} correspondence 
                  by Richard J. Pulskamp called ``Correspondence of Nicolas Bernoulli concerning the St. Petersburg Game"  
                  is available at \url{http://www.cs.xu.edu/math/Sources/Montmort/stpetersburg.pdf}},
  address      = {Providence, Rhode Island},
  publisher    = {American Mathematical Society},
  urlg         = {http://books.google.com/books?id=Cqk_AAAAcAAJ},
  pages        = {414},
  volume       = {307},
  }

@book{narens2007,
  author       = {Louis Narens},
  title        = {Theories of Probability: An examination of logical and qualitative foundations},
  shorttitle   = {Theories of Probability\ldots},
  series       = {Advanced series on mathematical psychology},
  volume       = {2},
  year         = {2007},
  month        = {January},
  publisher    = {World Scientific},
  pages        = {219},
  isbn         = {9789812708014},
  isbn10       = {9812708014},
  url          = {http://www.amazon.com/dp/9812708014},
  urlw         = {http://www.worldcat.org/isbn/9812708014},
  urlg         = {http://books.google.com/books?vid=ISBN9812708014},
  }

@book{papoulis1984,
  isbn         = {0070484686},
  isbn         = {9780070484689},
  author       = {Anthanasios Papoulis},
  title        = {Probability, Random Variables, and Stochastic Processes},
  series       = {McGraw-Hill Series in Electrical Engineering},
  edition      = {2},
  publisher    = {McGraw-Hill Book Company},
  address      = {New York},
  year         = {1984},
  url          = {http://books.google.com/books?vid=ISBN0070484686},
  urla         = {http://www.amazon.com/dp/0070484686},
  pages        = {576},
  language     = {English},
  }

@book{papoulis,
  isbn         = {0070484775},
  oclc         = {22704249},
  author       = {Anthanasios Papoulis},
  title        = {Probability, Random Variables, and Stochastic Processes},
  edition      = {3},
  publisher    = {McGraw-Hill},
  address      = {New York},
  year         = {1991},
  urlw         = {http://www.worldcat.org/isbn/0070484775},
  url          = {http://books.google.com/books?vid=ISBN0070484775},
  language     = {English},
  }

@book{papoulis2002,
  isbn10       = {0071226613},
  isbn         = {9780071226615},
  author       = {Anthanasios Papoulis},
  title        = {Probability, Random Variables, and Stochastic Processes},
  series       = {McGraw-Hill series in electrical and computer engineering},
  edition      = {4},
  publisher    = {Tata McGraw-Hill},
  address      = {New York},
  year         = {2002},
  url          = {http://books.google.com/books?vid=ISBN0071226613},
  urla         = {https://www.amazon.com/dp/0071226613},
  pages        = {852},
  language     = {English},
  }

@book{papoulis1990,
  isbn10       = {0137116985},
  isbn         = {9780137116980},
  title        = {Probability \& Statistics},
  publisher    = {Prentice Hall},
  series       = {Prentice-Hall international editions},
  author       = {Athanasios Papoulis},
  edition      = {illustrated},
  year         = {1990},
  pages        = {454},
  url          = {http://books.google.com/books?vid=ISBN0137116985},
  urla         = {http://www.amazon.com/dp/0137116985},
  }

@book{poincare_calc_prob,
  author       = {Henri Poincar/'e},
  title        = {Calcul Des Probabilit/'es},
  year         = {1912},
  publisher    = {De L'ecole Polytechnique},
  address      = {Paris},
  url          = {http://www.archive.org/details/calculdeprobabil00poinrich},
  language     = {French},
  }

@book{ross,
  author       = {Sheldon Ross},
  title        = {A First Course in Probability},
  edition      = {5},
  pages        = {514+xiv},
  publisher    = {Prentice Hall},
  address      = {Upper Saddle River, New Jersey, USA 07458},
  year         = {1998},
  language     = {English},
  isbn         = {0-13-746314-6},
  isbn13       = {978-0137463145},
  oclc         = {60183780},
  url          = {http://www.amazon.com/dp/0137463146},
  urlw         = {http://www.worldcat.org/isbn/0137463146},
  }

@book{shin2008,
  isbn10       = {0470725648},
  isbn         = {9780470725641},
  title        = {Fundamentals of Signal Processing for Sound and Vibration Engineers},
  author       = {Kihong Shin and Joseph Hammond},
  publisher    = {John Wiley \& Sons},
  year         = {2008},
  pages        = {416},
  isbn         = {https://archive.org/details/FubdamentalsOfSignalShinHammond/},
  }

@book{svozil,
  author       = {Karl Svozil},
  title        = {Randomness \& Undecidability in Physics},
  publisher    = {World Scientific},
  year         = {1994},
  isbn         = {981020809X},
  oclc         = {26014466},
  language     = {English},
  url          = {http://books.google.com/books?vid=ISBN981020809X},
  urlw         = {http://www.worldcat.org/isbn/981020809X},
  }

@book{szekely1986,
  author       = {G/'abor J. Sz/'ekely},
  title        = {Paradoxes in Probability Theory and Mathematical Statistics},
  series       = {Mathematics and Its Applications},
  year         = {1986},
  month        = {January 31},
  publisher    = {Springer, D. Reidel Publishing Company, Kluwer Academic Publishers Group},
  address      = {Dordrecht/Boston/Lancaster/Tokyo},
  isbn         = {978-9027718990},
  isbn10       = {9027718997},
  language     = {English},
  pages        = {262},
  urlg         = {http://books.google.com/books?vid=ISBN9027718997},
  urlw         = {http://www.worldcat.org/isbn/9027718997},
  urla         = {http://www.amazon.com/dp/9027718997},
  }

@book{trivedi2016,
  isbn10       = {1119314208},
  isbn         = {9781119314202},
  title        = {Probability and Statistics with Reliability, Queuing, and Computer Science Applications},
  author       = {Kishor S. Trivedi},
  edition      = {2},
  publisher    = {John Wiley \& Sons},
  year         = {2016},
  pages        = {880},
  urlg         = {http://books.google.com/books?vid=ISBN1119314208},
  }

@article{welch1967,
  title        = {The use of fast Fourier transform for the estimation of power spectra: A method based on time averaging over short, modified periodograms},
  author       = {P. Welch},
  journal      = {IEEE Transactions on Audio and Electroacoustics},
  volume       = {15},
  number       = {2},
  year         = {1967},
  month        = {June},
  doi          = {https://doi.org/10.1109/TAU.1967.1161901},
  publisher    = {IEEE},
  pages        = {70--73},
  issn         = {0018-9278},
  eissn        = {1558-2582},
  url          = {https://ieeexplore.ieee.org/abstract/document/1161901},
  }
