%============================================================================
% LaTeX File
% Daniel J. Greenhoe
% BibTeX input file
% Wavelet references
%============================================================================

@article{ak,
  author       = {Andreas Klappenecker},
  title        = {Algebraic wavelet filters},
  journal      = {International Journal of Imaging Systems and Technology},
  volume       = {7}, 
  issue        = {3}, 
  month        = {autumn},
  year         = {1996}, 
  pages        = {166--169},
  url          = {http://faculty.cs.tamu.edu/klappi/pub.html},
  note         = {http://iaks-www.ira.uka.de/home/klappi/pub.html},
  }

@book{bachman2000,
  author       = {George Bachman and Lawrence Narici and Edward Beckenstein},
  title        = {Fourier and Wavelet Analysis},
  series       = {Universitext Series},
  year         = {2000},
  pages        = {505},
  isbn10       = {0387988998},
  isbn         = {9780387988993},
  publisher    = {Springer},
  url          = {http://books.google.com/books?vid=ISBN0387988998},
  urlw         = {http://www.worldcat.org/isbn/0387988998},
  urla         = {http://www.amazon.com/dp/0387988998},
  }

@book{burrus,
  author       = {C. Sidney Burrus and Ramesh A. Gopinath and Haitao Guo},
  title        = {Introduction to Wavelets and Wavelet Transforms; A Primer},
  publisher    = {Prentice Hall},
  address      = {Upper Saddle River, New Jersey, USA},
  year         = {1998},
  isbn         = {0-13-489600-9},
  isbn13       = {978-0134896007},
  url          = {http://www.dsp.rice.edu/software/wavebook.shtml},
  urlg         = {http://books.google.com/books?vid=ISBN0134896009},
  urlw         = {http://www.worldcat.org/isbn/0134896009},
  urla         = {http://www.amazon.com/dp/0134896009},
  }

@inbook{casazza1998,
  author       = {Peter G. Casazza and Mark C. Lammers},
  title        = {Bracket Products for Weyl-Heisenberg Frames},
  series       = {Applied and Numerical Harmonic Analysis},
  pages        = {71--98},
  booktitle    = {Gabor Analysis and Algorithms: Theory and Applications},
  year         = {1998},
  publisher    = {Birkh/:auser},
  isbn10       = {0817639594},
  isbn         = {9780817639594},
  editor       = {Hans G. Feichtinger and Thomas Strohmer},
  urlg         = {http://books.google.com/books?vid=ISBN0817639594},
  urlw         = {http://www.worldcat.org/isbn/0817639594},
  urla         = {http://www.amazon.com/dp/0817639594},
  }
  
@book{cohen2011,
  author       = {Jonathan Cohen and Ahmed I. Zayed},
  title        = {Wavelets and Multiscale Analysis: Theory and Applications},
  series       = {Applied and Numerical Harmonic Analysis},
  year         = {2011},
  pages        = {335},
  publisher    = {Springer},
  isbn         = {0817680942},
  isbn13       = {9780817680947},
  urlg         = {http://books.google.com/books?vid=ISBN0817680942},
  urlw         = {http://www.worldcat.org/isbn/0817680942},
  urla         = {http://www.amazon.com/dp/0817680942},
  }
  
@book{chui,
  isbn10       = {0121745848},
  isbn         = {9780121745844},
  url          = {http://books.google.com/books?vid=ISBN0121745848},
  urlw         = {http://www.worldcat.org/isbn/0121745848},
  urla         = {http://www.amazon.com/dp/0121745848},
  author       = {Charles K. Chui},
  title        = {An Introduction to Wavelets},
  publisher    = {Academic Press},
  address      = {San Diego, California, USA},
  year         = {1992},
  month        = {January 3},
  }

@book{chui1988,
  author       = {Charles K. Chui},
  title        = {Multivariate Splines},
  series       = {CBMS-NSF regional conference series in applied mathematics},
  volume       = {54},
  publisher    = {SIAM},
  year         = {1988},
  pages        = {189},
  isbn         = {1611970172},
  isbn13       = {9781611970173},
  url          = {http://books.google.com/books?vid=ISBN1611970172},
  urlw         = {http://www.worldcat.org/isbn/1611970172},
  urla         = {http://www.amazon.com/dp/1611970172},
  }
 
@article{chui1992,
  author       = {Charles K. Chui and Jian-zhong Wang},
  title        = {On compactly supported spline wavelets and a duality principle},
  journal      = {Transactions of the American Mathematical Society},
  year         = {1992},
  volume       = {330},
  pages        = {903--915},
  url          = {https://doi.org/10.1090/S0002-9947-1992-1076613-3},
  MathSciNet   = {1076613},
  issn         = {1088-6850(online) 0002-9947(print)},
  }

@article{dai1996,
  title        = {Wavelets in subspaces},
  author       = {Xingde Dai and Shijie Lu},
  journal      = {Michigan Math. J.},
  volume       = {43},
  number       = {1},
  year         = {1996},
  pages        = {81--98},
  url          = {http://projecteuclid.org/euclid.mmj/1029005391},
  mr           = {MR1381601},
  zbl          = {0885.42019},
  doi          = {10.1307/mmj/1029005391},
  }

@book{dai1998,
  author       = {Xingde Dai and David R. Larson},
  year         = {1998},
  month        = {July},
  title        = {Wandering vectors for unitary systems and orthogonal wavelets},
  series       = {Memoirs of the American Mathematical Society},
  number       = {640},
  address      = {Providence R.I.},
  publisher    = {American Mathematical Society},
  oclc         = {39007029},
  isbn         = {0821808001},
  isbn13       = {978-0821808009},
  issn         = {0065-9266},
  url          = {http://books.google.com/books?vid=ISBN0821808001},
  urla         = {http://www.amazon.com/dp/0821808001},
  urlw         = {http://www.worldcat.org/isbn/0821808001},
  }

@book{dau,
  author       = {Ingrid Daubechies},
  title        = {Ten Lectures on Wavelets},
  publisher    = {Society for Industrial and Applied Mathematics},
  address      = {Philadelphia},
  year         = {1992},
  isbn         = {0-89871-274-2},
  isbn13       = {978-0898712742},
  pages        = {377},
  urlp         = {http://www.pacm.princeton.edu/~ingrid/},
  urlg         = {http://books.google.com/books?vid=ISBN0898712742},
  urlw         = {http://www.worldcat.org/isbn/0898712742},
  url          = {http://www.amazon.com/dp/0898712742},
  }

@article{daubechies1988,
  author       = {Ingrid Daubechies},
  year         = {1988},
  title        = {Orthonormal bases of compactly supported wavelets},
  journal      = {Communications on Pure and Applied Mathematics},
  volume       = {41},
  issue        = {7},
  pages        = {909--996},
  doi          = {10.1002/cpa.3160410705},
  url          = {http://www3.interscience.wiley.com/journal/113400740/abstract?CRETRY=1&SRETRY=0},
  abstract     = {We construct orthonormal bases of compactly supported wavelets, with arbitrarily high regularity. The order of regularity increases linearly with the support width. We start by reviewing the concept of multiresolution analysis as well as several algorithms in vision decomposition and reconstruction. The construction then follows from a synthesis of these different approaches.},
  }

@article{daubechies1993,
  author       = {Ingrid Daubechies},
  year         = {1993},
  title        = {Orthonormal bases of compactly supported wavelets II. Variations on a Theme},
  journal      = {SIAM Journal on Mathematical Analysis},
  volume       = {24},
  issue        = {2},
  pages        = {499--519},
  doi          = {10.1137/0524031},
  url          = {http://scitation.aip.org/getabs/servlet/GetabsServlet?prog=normal&id=SJMAAH000024000002000499000001&idtype=cvips&gifs=yes},
  abstract     = {Several variations are given on the construction of orthonormal bases of wavelets with compact support. They have, respectively, more symmetry, more regularity, or more vanishing moments for the scaling function than the examples constructed in Daubechies [Comm. Pure Appl. Math., 41 (1988), pp. 909¡V996].},
  }

@book{greenhoe2013wsd,
  title        = {Wavelet Structure and Design},
  series       = {Mathematical Structure and Design series},
  volume       = {3},
  author       = {Daniel J. Greenhoe},
  year         = {2013},
  month        = {August},
  pages        = {450},
  publisher    = {Abstract Space Publishing},
  language     = {English},
  isbn         = {9780983801139},
  isbn10       = {0983801134},
  url          = {http://books.google.com/books?vid=ISBN0983801134},
  urlw         = {http://www.worldcat.org/isbn/0983801134},
  urla         = {http://www.amazon.com/dp/0983801134},
  note         = {revised online version available at \url{https://www.researchgate.net/publication/312529555}},
  }

@article{greenhoe2014td,
  title        = {Properties and applications of transversal operators},
  author       = {Daniel J. Greenhoe},
  journal      = {International Journal of Analysis and Applications},
  year         = {2014},
  month        = {September 18},
  pages        = {97},
  language     = {English},
  notex        = {submitted to IJAA on 2014 September 18},
  edition      = {0.43},
  note         = {\url{https://www.researchgate.net/publication/267157621}},
  url          = {https://arxiv.org/abs/1410.4859},
  }

@article{goodman1993,
  title        = {Wavelets in Wandering Subspaces},
  author       = {T. N. T. Goodman and S. L. Lee and W. S. Tang},
  note         = {Transactions of the American Mathematical Society},
  journal      = {Transactions of the A.M.S.},
  volume       = {338},
  number       = {2},
  year         = {1993},
  month        = {August},
  pages        = {639--654},
  publisher    = {American Mathematical Society},
  url          = {http://www.jstor.org/stable/2154421},
  }

@article{goodman1993feb,
  title        = {Wavelets in Wandering Subspaces},
  author       = {T. N. T. Goodman and S. L. Lee and W. S. Tang},
  journal      = {Advances in Computational Mathematics 1},
  year         = {1993},
  month        = {February},
  pages        = {109--126},
  publisher    = {J.C. Baltzer, Science Publishers},
  }

@book{goswami,
  author       = {Jaideva C. Goswami and Andrew K. Chan},
  title        = {Fundamentals of Wavelets; Theory, Algorithms, and Applications},
  shorttitle   = {Fundamentals of Wavelets\ldots},
  publisher    = {John Wiley \& Sons, Inc.},
  year         = {1999},
  isbn         = {0-471-19748-3},
  url          = {http://vadkudr.boom.ru/Collection/fundwave_contents.html},
  urlg         = {http://books.google.com/books?vid=ISBN0471197483},
  urlw         = {http://www.worldcat.org/isbn/0471197483},
  urla         = {http://www.amazon.com/dp/0471197483},
  }

@article{grossman1984,
  author       = {A. Grossmann and J. Morlet},
  journal      = {SIAM Journal on Mathematical Analysis},
  issn         = {0036-1410},
  title        = {Decomposition of Hardy Functions into Square Integrable Wavelets of Constant Shape},
  year         = {1984},
  pages        = {723--736},
  volume       = {15},
  number       = {4},
  month        = {July},
  publisher    = {Society for Industrial and Applied Mathematics},
  }

@phdthesis{haar1909,
  author       = {Alfr/'ed Haar},
  title        = {Zur Theorie der orthogonalen Funktionensysteme}, 
  year         = {1909},
  month        = {July},
  publisher    = {Druck von Dieterich},
  school       = {University of G/:ottingen},
  address      = {G/:ottingen},
  language     = {German},
  pages        = {48},
  urlw         = {http://www.worldcat.org/oclc/457529785},
  url          = {https://books.google.com.tw/books/?id=g50UAQAAIAAJ},
  }

@article{haar1910,
  author       = {Alfr/'ed Haar},
  title        = {Zur Theorie der orthogonalen Funktionensysteme}, 
  journal      = {Mathematische Annalen}, 
  issn         = {1432-1807},
  volume       = {69}, 
  pages        = {331--371}, 
  year         = {1910},
  month        = {September},
  doi          = {10.1007/BF01456326},
  language     = {German},
  urlx         = {http://www-gdz.sub.uni-goettingen.de/cgi-bin/digbib.cgi? PPN235181684_0069},
  urlx         = {http://www-gdz.sub.uni-goettingen.de/cgi-bin/digbib.cgi? PPN235181684_0071},
  urls         = {http://www.springerlink.com/content/v1n8787g737j5k64/},
  }

@inbook{haar1910e,
  author       = {Alfr/'ed Haar},
  editor       = {Christopher Heil and David F. Walnut},
  title        = {On the theory of orthogonal function systems},
  booktitle    = {Fundamental Papers in Wavelet Theory},
  year         = {1910},
  translator   = {Georg Zimmermann},
  publisher    = {Princeton University Press},
  pages        = {155--188},
  isbn13       = {9781400827268},
  isbn         = {1400827264},
  note         = {translation by Georg Zimmermann of Haar's 1910 \emph{Zur Theorie der orthogonalen Funktionensysteme}},
  url          = {https://www.uni-hohenheim.de/~gzim/Publications/haar.html},
  urlg         = {http://books.google.com/books?vid=ISBN1400827264&pg=PA155},
  urlw         = {http://www.worldcat.org/isbn/1400827264},
  urla         = {http://www.amazon.com/dp/1400827264},
  language     = {English},
  }

@book{haddad1992,
  title        = {Multiresolution Signal Decomposition: Transforms, Subbands, and Wavelets},
  shorttitle   = {Multiresolution Signal Decomposition\ldots},
  author       = {Paul R. Haddad and Ali N. Akansu},
  year         = {1992},
  month        = {October 1},
  pages        = {376},
  publisher    = {Acedemic Press},
  isbn13       = {9780323138369},
  isbn         = {0323138365},
  url          = {http://books.google.com/books?vid=ISBN0323138365},
  urlw         = {http://www.worldcat.org/isbn/0323138365},
  urla         = {http://www.amazon.com/dp/0323138365},
  }
  
@article{heil1989,
  url          = {http://citeseer.ist.psu.edu/viewdoc/download?doi=10.1.1.132.1241&rep=rep1&type=pdf},
  author       = {Christopher E. Heil and David F. Walnut},
  title        = {Continuous and Discrete Wavelet Transforms},
  journal      = {Society for Industrial and Applied Mathematics},
  year         = {1989},
  month        = {December},
  volume       = {31},
  number       = {4},
  urldoi       = {https://doi.org/10.1137/1031129},
  }

@article{herrmann71,
  author       = {O. Herrmann},
  title        = {On the Approximation Problem in Nonrecursive Digital Filter Design},
  journal      = {IEEE Transactions on Circuit Theory},
  volume       = {18},
  issue        = {3},
  year         = {1971},
  month        = {May},
  pages        = {411--413},
  issn         = {0098-4094},
  url          = {http://ieeexplore.ieee.org/xpl/freeabs_all.jsp?tp=&arnumber=1083275},
  }

@book{hernandez1996,
  author       = {Eugenio Hern{/'a}ndez and Guido Weiss},
  title        = {A First Course on Wavelets},
  publisher    = {CRC Press},
  address      = {New York},
  year         = {1996},
  isbn         = {0849382742},
  isbn13       = {978-0849382741},
  url          = {http://books.google.com/books?vid=ISBN0849382742},
  urlw         = {http://www.worldcat.org/isbn/0849382742},
  urla         = {http://www.amazon.com/dp/0849382742},
  }

@book{hubbard1998,
  author       = {Barbara Burke Hubbard},
  title        = {The World According To Wavelets: The story of a mathematical technique in the making},
  year         = {1998},
  publisher    = {A. K. Peters, Ltd.},
  edition      = {2},
  isbn         = {1568810725},
  isbn13       = {9781568810720},
  pages        = {330},
  url          = {http://books.google.com/books?vid=ISBN9781568810720},
  }
  
@book{igari1996,
  author       = {Satoru Igari},
  translator   = {Satoru Igari},
  title        = {Real Analysis---With an Introduction to Wavelet Theory},
  year         = {1996},
  publisher    = {American Mathematical Society},
  pages        = {256},
  series       = {Translations of mathematical monographs},
  volume       = {177},
  language     = {English},
  isbn         = {9780821821046},
  isbn10       = {0821821040},
  url          = {http://books.google.com/books?vid=ISBN0821821040},
  urlw         = {http://www.worldcat.org/isbn/0821821040},
  urla         = {http://www.amazon.com/dp/0821821040},
  }

@article{jawerth,
  author       = {Bjorn Jawerth and Wim Sweldens},
  title        = {An Overview of Wavelet Based Multiresolutional Analysis},
  journal      = {SIAM Review},
  volume       = {36},
  year         = {1994},
  month        = {September},
  pages        = {377--412},
  url          = {http://cm.bell-labs.com/who/wim/papers/papers.html#overview},
  }

@book{kammler2008,
  author       = {David W. Kammler},
  title        = {A First Course in Fourier Analysis},
  year         = {2008},
  publisher    = {Cambridge University Press},
  pages        = {864},
  edition      = {2},
  isbn         = {9780521883405},
  isbn10       = {0521883407},
  url          = {http://books.google.com/books?vid=ISBN0521883407},
  urlw         = {http://www.worldcat.org/isbn/0521883407},
  urla         = {http://www.amazon.com/dp/0521883407},
  }

@article{kateb1997,
  author       = {Djalil Kateb and Pierre Gilles Lemari{/'e}-Rieusset},
  title        = {The Phase of the Daubechies Filters},
  journal      = {Revista Mathem{/'a}tica Iberoamericana},
  volume       = {13},
  number       = {2},
  year         = {1997},
  pages        = {245--305},
  url          = {http://rmi.rsme.es/},
  }

@article{lawton90,
  author       = {Wayne M. Lawton},
  title        = {Tight frames of compactly supported affine wavelets},
  journal      = {Journal of Mathematical Physics},
  volume       = {31}, 
  number       = {8}, 
  month        = {August},
  year         = {1990}, 
  pages        = {1898--1901},
  urlx         = {http://scitation.aip.org/getabs/servlet/GetabsServlet?prog=normal&id=JMAPAQ000031000008001898000001&idtype=cvips&gifs=yes},
  }

@article{lawton91,
  author       = {Wayne M. Lawton},
  title        = {Necessary and sufficient conditions for constructing orthonormal wavelets},
  journal      = {Journal of Mathematical Physics},
  volume       = {32}, 
  number       = {1}, 
  month        = {January}, 
  year         = {1991}, 
  pages        = {57--61},
  }

@book{lemarie1990,
  editor       = {Pierre Gilles Lemari{/'e}},
  title        = {Les Ondelettes en 1989},
  series       = {Lecture Notes in Mathematics},
  volume       = {1438},
  publisher    = {Springer-Verlag},
  address      = {Berlin},
  year         = {1990},
  pages        = {212},
  isbn         = {978-3-540-52932-3},
  url          = {http://link.springer.com/book/10.1007/BFb0083510/},
  }

@book{lindeberg1993,
  author       = {Tony Lindeberg},
  publisher    = {Springer},
  series       = {The Springer International Series in Engineering and Computer Science},
  pages        = {444},
  title        = {Scale-Space Theory in Computer Vision},
  year         = {1993},
  isbn10       = {0792394186},
  isbn         = {9780792394181},
  url          = {http://books.google.com/books?vid=ISBN0792394186},
  urla         = {http://www.amazon.com/dp/0792394186},
  }
  
@article{mallat89,
  author       = {St{/'e}phane G. Mallat},
  title        = {Multiresolution Approximations and Wavelet Orthonormal Bases of $L^2(\mathbb{R})$},
  titlex       = {Multiresolution Approximations and Wavelet Orthonormal Bases of $\spLL$},
  journal      = {Transactions of the American Mathematical Society},
  volume       = {315}, 
  publisher    = {American Mathematical Society},
  number       = {1},
  month        = {September},
  year         = {1989},
  pages        = {69--87},
  url          = {http://blanche.polytechnique.fr/~mallat/papiers/math_multiresolution.pdf},
  urlj         = {http://www.jstor.org/stable/2001373},
  }

@book{mallat,
  isbn         = {9780124666061},
  isbn10       = {012466606X},
  author       = {St{/'e}phane G. Mallat},
  title        = {A Wavelet Tour of Signal Processing},
  edition      = {2},
  publisher    = {Elsevier},
  year         = {1999},
  pages        = {637},
  month        = {September 15},
  urlp         = {http://www.cmap.polytechnique.fr/~mallat/},
  url          = {http://books.google.com/books?vid=ISBN012466606X},
  urlw         = {http://www.worldcat.org/isbn/012466606X},
  urla         = {http://www.amazon.com/dp/012466606X},
  language     = {English},
  }

@book{mallat2009,
  author       = {St{/'e}phane G. Mallat},
  title        = {A Wavelet Tour of Signal Processing: The Sparse Way},
  edition      = {3},
  publisher    = {Acedemic Press},
  year         = {2009},
  pages        = {805},
  isbn         = {0123743702},
  isbn13       = {978-0-12-374370-1},
  url          = {http://books.google.com/books?vid=ISBN0123743702},
  urla         = {http://www.amazon.com/dp/0123743702},
  language     = {English},
  }

@book{meyer1992,
  title       = {Wavelets and Operators},
  author      = {Yves Meyer},
  year        = {1992},
  publisher   = {Cambridge University Press},
  month       = {January 12},
  pages       = {244},
  series      = {Cambridge Studies in Advanced Mathematics},
  volume      = {37},
  isbn        = {0521458692},
  isbn13      = {9780521458696},
  url         = {http://books.google.com/books?vid=ISBN0521458692},
  urla        = {http://www.amazon.com/dp/0521458692},
  language    = {English},
  }

@techreport{oeisA110555,
  author       = {Reinhard Zumkeller},
  title        = {Triangle of partial sums of alternating binomial coefficients: T(n,k) = Sum(binomial(n,k)*(-1)\textasciicircum k: 0<=k<=n)},
  institution  = {The On-Line Encyclopedia of Integer Sequences},
  year         = {2005},
  month        = {July 27},
  url          = {http://oeis.org/A110555},
  number       = {A110555},
  }
  
@book{pinsky2002,
  author       = {Mark A. Pinsky},
  title        = {Introduction to Fourier Analysis and Wavelets},
  publisher    = {Brooks/Cole},
  address      = {Pacific Grove},
  year         = {2002},
  isbn         = {0-534-37660-6},
  isbn13       = {978-0534376604},
  pages        = {380+xx},
  library      = {QA403.5.P56 2002},
  urlp         = {http://www.math.northwestern.edu/~pinsky/},
  urlg         = {http://books.google.com/books?vid=ISBN0534376606},
  urlw         = {http://www.worldcat.org/isbn/0534376606},
  url          = {http://www.amazon.com/dp/0534376606},
  }

@book{prasad,
  author       = {Lakshman Prasad and Sundararaja S. Iyengar},
  title        = {Wavelet Analysis with Applications to Image Processing},
  publisher    = {CRC Press LLC}, 
  address      = {Boca Raton}, 
  year         = {1997},
  isbn10       = {0-8493-3169-2},
  isbn         = {978-0849331695},
  oclc         = {36573750},
  note         = {Library TA1637.P7 1997},
  language     = {english},
  url          = {http://books.google.com/books?vid=ISBN0849331692},
  urlw         = {http://www.worldcat.org/isbn/0849331692},
  urla         = {http://www.amazon.com/dp/0849331692},
  }

@book{ruch2011,
  author       = {David K. Ruch and Patrick J. Van Fleet},
  title        = {Wavelet Theory: An Elementary Approach with Applications},
  year         = {2011},
  publisher    = {John Wiley \& Sons},
  month        = {September 15},
  pages        = {480},
  isbn         = {1118165667},
  isbn13       = {9781118165669},
  language     = {english},
  url          = {http://books.google.com/books?vid=ISBN1118165667},
  urlw         = {http://www.worldcat.org/isbn/1118165667},
  urla         = {http://www.amazon.com/dp/1118165667},
  }
  
@article{shen,
  author       = {Jianhong Shen and Gilbert Strang},
  title        = {Asymptotic Analysis of Daubechies Polynomials},
  journal      = {Proceedings of the American Mathematical Soceity},
  volume       = {124}, 
  number       = {12}, 
  month        = {December},
  year         = {1996}, 
  pages        = {3819--3833},
  url          = {http://www.ams.org/proc/1996-124-12/S0002-9939-96-03557-5/home.html},
  urlw         = {http://citeseer.ist.psu.edu/shen96asymptotic.html},
  }

@inproceedings{singh1997,
  author       = {Rajeev Singh and Ramon E. Vasquez and Reena Singh},
  title        = {Comparison of Daubechies, Coiflet, and Symlet for edge detection},
  booktitle    = {SPIE Proceedings},
  year         = {1997},
  month        = {July 22},
  volume       = {3074},
  series       = {Visual Information Processing VI},
  doi          = {10.1117/12.280616},
  editor       = {Stephen K. Park and Richard D. Juday},
  url          = {http://proceedings.spiedigitallibrary.org/proceeding.aspx?articleid=926491},
  }

@book{soman2010,
  author       = {K.P. Soman and K.I. Ramachandran and N.G. Resmi},
  title        = {Insight Into Wavelets: From Theory to Practice},
  year         = {2010},
  edition      = {3},
  publisher    = {PHI Learning Private Limited},
  address      = {New Delhi},
  isbn         = {978-81-203-4053-4},
  url          = {http://books.google.com/books?vid=ISBN9788120340534},
  pages        = {447+xx},
  }

@article{strang89,
  author       = {Gilbert Strang},
  title        = {Wavelets and Dilation Equations: A Brief Introduction},
  journal      = {SIAM Review},
  address      = {Philadelphia},
  volume       = {31}, 
  number       = {4}, 
  pages        = {614--627}, 
  month        = {December}, 
  year         = {1989},
  issn         = {0036-1445},
  oclc         = {37699182},
  lccn         = {sn97-23235},
  urlj         = {http://www.jstor.org/journals/00361445.html},
  url          = {https://pdfs.semanticscholar.org/d118/a25a91488b4b37457cdc506472819de90523.pdf},
  urlgs        = {www-math.mit.edu/~gs/papers/siamrev.ps.gz},
  }

@book{strang1996,
  isbn10       = {0961408871},
  isbn         = {9780961408879},
  author       = {Gilbert Strang and Truong Nguyen},
  title        = {Wavelets and Filter Banks},
  publisher    = {Wellesley-Cambridge Press}, 
  address      = {Wellesley, MA}, 
  year         = {1996},
  pages        = {520},
  library      = {TK 5102.9.S48},
  url          = {http://books.google.com/books?vid=ISBN0961408871},
  urlw         = {http://www.worldcat.org/isbn/0961408871},
  urla         = {http://www.amazon.com/dp/0961408871},
  language     = {english},
  }

@inproceedings{sweldens93,
  author       = {Wim Sweldens and Robert Piessens},
  title        = {Wavelet Sampling Techniques},
  booktitle    = {1993 Proceedings of the Statistical Computing Section},
  publisher    = {American Statistical Association},		  
  pages        = {20--29},		  
  month        = {August}, 
  year         = {1993},
  urlp         = {http://cm.bell-labs.com/who/wim/papers/papers.html},
  url          = {http://citeseer.ist.psu.edu/18531.html},
  }

@book{vidakovic,
  isbn         = {9780471293651},
  isbn10       = {0471293652},
  author       = {Brani Vidakovic},
  title        = {Statistical Modeling by Wavelets},
  publisher    = {John Wiley \& Sons, Inc},
  address      = {New York},
  year         = {1999},
  urlp         = {http://zoe.bme.gatech.edu/~bv20/},
  urlw         = {http://www.worldcat.org/isbn/0471293652},
  url          = {http://www.amazon.com/dp/0471293652},
  urlg         = {http://books.google.com/books?vid=ISBN0471293652},
  }

@book{walker2008,
  author       = {James S. Walker},
  title        = {A Primer On Wavelets And Their Scientific Applications},
  address      = {Boca Raton},
  publisher    = {Chapman \& Hall/CRC},
  year         = {2008},
  series       = {Studies In Advanced Mathematics},
  volume       = {29},
  edition      = {2},
  language     = {English},
  isbn         = {1584887451},
  isbn13       = {978-1584887454},
  pages        = {320},
  url          = {http://books.google.com/books?vid=ISBN1584887451},
  urla         = {http://www.amazon.com/dp/1584887451},
  }

@book{walter,
  isbn         = {9781584882275},
  isbn10       = {1584882271},
  author       = {Gilbert G. Walter and XiaoPing Shen},
  title        = {Wavelets and Other Orthogonal Systems},
  edition      = {2},
  publisher    = {Chapman and Hall/CRC}, 
  address      = {New York}, 
  year         = {2001},
  urlp         = {http://www.uwm.edu/~ggw/},
  url          = {http://books.google.com/books?vid=ISBN1584882271},
  urlw         = {http://www.worldcat.org/isbn/1584882271},
  urla         = {http://www.amazon.com/dp/1584882271},
  }

@inbook{walter1999,
  author       = {Gilbert G. Walter and XiaoPing Shen},
  title        = {A substitute for summability in wavelet expansions},
  year         = {1999},
  booktitle    = {Analysis of Divergence: control and management of divergent processes},
  shorttitle   = {Analysis of Divergence:\ldots},
  editor       = {William O. Bray and {/vC}aslav V. Stanojevi{/'c}},
  series       = {Applied and numerical harmonic analysis},
  chapter      = {4},
  pages        = {51--63},
  publisher    = {Birkh{/:a}ser},
  isbn         = {9780817640583},
  isbn10       = {0817640584},
  url          = {http://books.google.com/books?vid=ISBN0817640584},
  urlw         = {http://www.worldcat.org/isbn/0817640584},
  urla         = {http://www.amazon.com/dp/0817640584},
  }

@book{walnut2002,
  title        = {An Introduction to Wavelet Analysis},
  series       = {Applied and numerical harmonic analysis},
  author       = {David F. Walnut},
  year         = {2002},
  publisher    = {Springer},
  pages        = {449},
  url          = {http://books.google.com/books?vid=ISBN0817639624},
  urla         = {http://www.amazon.com/dp/0817639624},
  urlw         = {http://www.worldcat.org/isbn/0817639624},
  isbn         = {0817639624},
  isbn13       = {9780817639624},
  }

@book{wojtaszczyk1997,
  author       = {P. Wojtaszczyk},
  title        = {A Mathematical Introduction to Wavelets},
  series       = {London Mathematical Society student texts},
  volume       = {37},
  publisher    = {Cambridge University Press},
  month        = {February 13},
  year         = {1997},
  pages        = {261},
  url          = {http://books.google.com/books?vid=ISBN0521578949},
  urla         = {http://www.amazon.com/dp/0521578949},
  urlw         = {http://www.worldcat.org/isbn/0521578949},
  isbn10       = {0521578949},
  isbn         = {9780521578943},
  }  
  
@inbook{zayed2004,
  editor       = {John Benedetto and Ahmed I. Zayed},
  title        = {A Prelude to Sampling, Wavelets, and Tomography},
  booktitle    = {Sampling, Wavelets, and Tomography},
  publisher    = {Springer},
  year         = {2004},
  pages        = {1--32},
  series       = {Applied and Numerical Harmonic Analysis},
  isbn10       = {0817643044},
  isbn         = {9780817643041},
  url          = {http://books.google.com/books?vid=ISBN0817643044},
  urlw         = {http://www.worldcat.org/isbn/0817643044},
  urla         = {http://www.amazon.com/dp/0817643044},
  }

