%============================================================================
% LaTeX File
% Daniel J. Greenhoe
%============================================================================


@book{apples2009,
  authorx      = {Mako Taruishi (\zht{垂石真子})},
  author       = {\zht{垂石真子}},
  authorx      = {Mako Taruishi},
  translator   = {\zht{信誼} (Hsin Yi Publications)},
  title        = {Everyone Comes to Big Red Apples \zht{好大的紅蘋果}},
  year         = {2009},
  month        = {March},
  isbn         = {978-986-161-302-4},
  number       = {n14810},
  url          = {http://www.kimy.com.tw/project/200407/0123language/index-1.asp},
  note         = {Mako Taruishi (\zht{垂石真子})},
  }

@book{firedragon,
  author       = {\zht{余亮}},
  illustrator  = {\zht{劉慧潔}},
  note         = {[\zht{余亮}: Y/':u Li/`ang], [\zht{劉慧潔}: L/'iu H/`ui Ji/'e]},
  title        = {\zht{不準親吻噴火龍} (b/`u zh/>un q/-in w/>en p/-en h/>uo l/'ong, Do not kiss the fire breathing dragon)},
  shorttitle   = {\zht{不準親吻噴火龍}},
  year         = {2010},
  month        = {December 20},
  publisher    = {\zht{幼福文化事業股份有限公司}},
  address      = {\zht{台北}, Taiwan},
  language     = {\zht{繁體中文}},
  }

@book{kiki2008,
  author       = {\zht{陳書韻}},
  illustrator  = {\zht{林莞菁}},
  note         = {[\zht{陳書韻}: Ch/'en Sh/-u Y/`un, \zht{林莞菁}: L/'in G/>uan J/-ing]},
  title        = {\zht{奇奇愛耍酷}: (q/'i q/'i /`ai sh/>ua k/`u)},
  year         = {2008},
  month        = {June 30},
  url          = {http://www.shang-renpub.com.tw/product_info.php?products_id=608},
  publisher    = {\zht{上人文化}},
  }

@book{lin2010_HomesickChocolate,
  author       = {\zht{林真卿}},
  note         = {[\zht{林真卿}: L/'in Zh/-en Q/-ing]},
  illustrator  = {\zht{趙維明} and \zht{農彩英}},
  title        = {\zht{想家的巧克力：不灰心的奮鬥} (Homesick Chocolate: Don't lose heart in the struggle)},
  shorttitle   = {\zht{想家的巧克力：不灰心的奮鬥} (Homesick Chocolate:\ldots)},
  series       = {\zht{系列名：EQ學習創作繪本} (Creative learning picture books)},
  isbn         = {9789866267659},
  publisher    = {\zht{巧育文化} (Artful cultural education)},
  year         = {2010},
  month        = {December},
  language     = {traditional Chinese},
  url          = {http://m.sanmin.com.tw/product/index/001495688},
  }

@book{winnie2008,
  author       = {\zht{王姿云}},
  note         = {[\zht{王姿云}: W/'ang Z/-i Y/'un]},
  title        = {\zht{維尼上學囉}},
  year         = {2008},
  month        = {June},
  publisher    = {\zht{上人文化}},
  isbn         = {9789862120644},
  url          = {https://www.zdbooks.com.tw/?route=product/product&product_id=176163},
  }

@incollection{zhang2006catbell,
  booktitle    = {\zht{給貓咪挂鈴鐺}},
  author       = {\zht{張晉霖}},
  note         = {[\zht{張晉霖}: Zh/-ang Ji\`n Li\'n]},
  title        = {\zht{給貓咪挂鈴鐺}},
  shorttitle   = {\zht{給貓咪挂鈴鐺} (Hang a Bell on the Cat)},
  note         = {\zht{給貓咪挂鈴鐺}: G/>ei M/-ao M/-i G/`ua L/'ing D/-ang, Hang a Bell on the Cat},
  year         = {2006},
  month        = {May},
  url          = {https://www.kingstone.com.tw/book/book_page.asp?kmcode=2015231399920},
  pages        = {4--9},
  isbn         = {9789867014047?}
  }
  
%=======================================
% series: Ban Ban life's story
%=======================================
@book{banban4,
  crossref     = {series_banban},
  title        = {\zht{毛蟲家族去購物} (m/'ao ch/'ong ji/-a z/'u q/`u g/`ou w/`u) The caterpillar family goes shopping},
  shorttitle   = {\zht{毛蟲家族去購物} The caterpillar family goes shopping},
  volume       = {4},
  isbn10       = {957-453-312-3},
  oclc         = {71292613},
  url          = {http://www.worldcat.org/oclc/71292613},
  }

@book{banban5,
  crossref     = {series_banban},
  title        = {\zht{好久不見！奇妮表姐} (Long time no see! Cousin Qi-Ni)},
  volume       = {5},
  isbn10       = {957-453-313-1},
  oclc         = {71292562},
  url          = {http://www.worldcat.org/oclc/71292603},
  }

@book{banban7,
  crossref     = {series_banban},
  title        = {\zht{小毛蟲學電腦} Little caterpillar learns the computer},
  volume       = {7},
  isbn10       = {957-453-315-8},
  oclc         = {71292562},
  url          = {http://www.worldcat.org/oclc/71292562},
  urla         = {http://www.books.com.tw/exep/prod/booksfile.php?item=0010293775},
  }

@book{series_banban,
  series       = {\zht{斑斑的生活故事} (Ban Ban's life story)},
  title        = {\zht{斑斑的生活故事} (Ban Ban's life story)},
  author       = {Dalton Young and Loretta Kim},
  translator   = {\zht{黃姿樺} and \zht{蔡如茵}},
  year         = {2003},
  month        = {May},
  publisher    = {\zht{企鵝圖書有限公司黃姿樺} (Ta Chien Publishing Company Limited)},
  address      = {Tainan},
  language     = {\zht{繁體中文} (traditional Mandarin)},
  }


%=======================================
% series: 168books.com.tw series 2034 books
%=======================================
@book{baobao_cow,
  crossref     = {series_baobao},
  volume       = {2034-1},
  title        = {\zht{大黃牛學勤勞} (d/`a hu/'ang n/'iu x/'ue q/'in l/'ao---Big Yellow Cow Learns Diligence)},
  isbn10       = {957-747-516-7},
  isbn         = {9789577475169},
  }

@book{baobao_elephant,
  crossref     = {series_baobao},
  volume       = {2034-2},
  title        = {\zht{小象妹找自信} (xi/>ao xi/`ang m/`ei zh/>ao z/`i x/`in---Little Elephant Sister looks For confidence)},
  shorttitle   = {\zht{小象妹找自信} (xi/>ao xi/`ang m/`ei zh/>ao z/`i x/`in---Little Elephant \ldots confidence)},
  isbn10       = {957-747-517-5},
  isbn         = {9789577475176},
  }

@book{baobao_rooster,
  crossref     = {series_baobao},
  volume       = {2034-3},
  title        = {\zht{誰來叫醒我} (sh\'ei l/'ai ji\`ao x/>ing w/>o) Who can wake me up?},
  pages        = {35},
  }

@book{baobao_comb,
  crossref     = {series_baobao},
  volume       = {2034-4},
  title        = {\zht{最珍貴的禮物} The Most Precious Present},
  pages        = {35},
  }

@book{baobao_rabbit,
  crossref     = {series_baobao},
  volume       = {2034-5},
  title        = {\zht{小白兔的友誼} The Rabbit's Friendship},
  isbn10       = {957-747-520-5},
  isbn         = {9789577475206},
  }

@book{baobao_tiger,
  crossref     = {series_baobao},
  volume       = {2034-6},
  title        = {\zht{小老虎大嗓門} A Little Tiger's Loud Voice},
  isbn10       = {957-747-521-3},
  isbn         = {9789577475213},
  }

@book{baobao_tortoise,
  crossref     = {series_baobao},
  volume       = {2034-7},
  title        = {\zht{小烏龜的承諾} A Little Tortoise's Promise},
  isbn10       = {957-747-522-1},
  isbn         = {9789577475220},
  }

@book{baobao_lion,
  title        = {\zht{獅子王的原則} (\=shi zi w/'ang de y/'uan z\'e) The King of Lion's Principle},
  volume       = {2034-8},
  crossref     = {series_baobao},
  isbn10       = {957747523-X},
  isbn         = {9789577475237},
  month        = {September},
  }

@book{baobao_pig,
  crossref     = {series_baobao},
  volume       = {2034-9},
  title        = {\zht{小諸送的花兒} The Pig Was Given Me Flowers},
  month        = {September},
  isbn10       = {957747524-8},
  isbn         = {9789577475244},
  }

@book{baobao_bear,
  crossref     = {series_baobao},
  volume       = {2034-10},
  title        = {\zht{酷酷熊有決心} The Bear Got The Determination},
  month        = {September},
  isbn10       = {957747525-6},
  isbn         = {9789577475251},
  }

@book{baobao_monkey,
  crossref     = {series_baobao},
  volume       = {2034-12},
  title        = {\zht{小猴子長大了} A Little Monkey Grows Up},
  month        = {September},
  isbn10       = {957747527-2},
  isbn         = {9789577475275},
  }

@book{baobao_gorilla,
  crossref     = {series_baobao},
  title        = {\zht{黑猩猩來了} (h/-ei x/-ing x/-ing l/'ai le---The Black Gorilla is coming)},
  isbn10       = {957-747-553-1},
  isbn         = {9789577475534},
  year         = {2005},
  month        = {October},
  series       = {\zht{寶寶潛能開發雙語繪本}},
  volume       = {2035-4},
  pages        = {36},
  url          = {http://www.168books.com.tw/page/2034.jsp#2035},
  }

@book{series_baobao,
  series       = {\zht{寶寶心靈成長雙語繪本} (b/>ao b/>ao xi\=n li\'ng ch/>eng zh/>ang sh/-uang y/>u h/`ui y/>u) Baby intelligent growth bilingual illustrated books},
  title        = {\zht{寶寶心靈成長雙語繪本}},
  editor       = {\zht{幼福編輯部}},
  year         = {2005},
  month        = {August},
  publisher    = {\zht{幼福文化事業股份有限公司}},
  address      = {\zht{台北}, Taiwan},
  addressx     = {\zht{台北縣中和市建康路130號4樓之2}},
  pages        = {34},
  url          = {http://www.168books.com.tw/page/2034.jsp},
  language     = {\zht{繁體中文跟注音符號} (f/'an t/>i Zh/-ong W/'en g/-en zh/`u y/-in f/'u h/`ao---traditional Chinese with ZhuYin)},
  email        = {service@168books.com.tw},
  phone        = {(02)2226-3070},
  fax          = {(02)2225-0913},
  }


%=======================================
% Series: Love and intelligence
%=======================================
@book{lovemind_dog,
  crossref     = {series_love_intelligence},
  title        = {\zht{溫暖的星星} (w/-en n/>uan de xi\=ng xi\=ng) The warmth of stars},
  volume       = {1},
  url          = {http://shopping.windmill.com.tw/bookcomment-2.aspx?BOKNO=10155831},
  isbn         = {9789866855665},
  volume       = {10155831},
  pages        = {36},
  }

@book{lovemind_beth,
  crossref     = {series_love_intelligence},
  title        = {\zht{貝絲的心願} (b\`ei \=si de xi\=n yu\`an) Beth's cherished desire},
  volume       = {2},
  url          = {http://shopping.windmill.com.tw/bookcomment-2.aspx?BOKNO=10155832},
  isbn         = {9789866855689},
  id           = {10155832},
  pages        = {36},
  }

@book{lovemind_cat,
  crossref     = {series_love_intelligence},
  title        = {\zht{流浪貓} (li/'u l\`ang m/-ao) The vagrant cat},
  volume       = {3},
  url          = {http://shopping.windmill.com.tw/bookcomment-2.aspx?BOKNO=10155833},
  isbn         = {9789866855696},
  id           = {10155833},
  pages        = {32},
  }

@book{lovemind_rain,
  crossref     = {series_love_intelligence},
  author       = {\zht{李美華}},
  note         = {[\zht{李美華}: L/>i M/>ei H/'ua]},
  title        = {\zht{避雨} (b\`i y/>u) Taking shelter from the rain},
  volume       = {4},
  url          = {http://shopping.windmill.com.tw/bookcomment-2.aspx?BOKNO=10155834},
  isbn         = {9789866855702},
  id           = {10155834},
  pages        = {36},
  }

@book{lovemind_octopus,
  crossref     = {series_love_intelligence},
  author       = {\zht{李美華}},
  note         = {[\zht{李美華}: L/>i M/>ei H/'ua]},
  title        = {\zht{讓人思念的小章魚} (r\`ang r\'en \=si ni\`an de xi/>ao zh/-ang y/'u)---The Little Octopus who makes people miss him},
  shorttitle   = {\zht{讓人思念的小章魚}---The Little Octopus \ldots},
  volume       = {5},
  url          = {http://shopping.windmill.com.tw/bookcomment-2.aspx?BOKNO=10155835},
  isbn         = {9789866855719},
  id           = {10155835},
  pages        = {36},
  }

@book{lovemind_bear,
  crossref     = {series_love_intelligence},
  title        = {\zht{真的﹗} (zh/-en de)---Really!},
  volume       = {6},
  url          = {http://shopping.windmill.com.tw/bookcomment-2.aspx?BOKNO=10155836},
  isbn         = {9789866855726},
  id           = {10155836},
  pages        = {36},
  }

@book{lovemind_pig,
  crossref     = {series_love_intelligence},
  author       = {\zht{李美華}},
  note         = {[\zht{李美華}: L/>i M/>ei H/'ua]},
  title        = {\zht{豬奶奶不在家} (zh/-u n/>ai nai b/'u z\`ai ji/-a) (Grandma Pig is not home)},
  volume       = {7},
  url          = {http://shopping.windmill.com.tw/bookcomment-2.aspx?BOKNO=10155837},
  isbn         = {9789866855733},
  id           = {10155837},
  pages        = {36},
  }

@book{lovemind_water,
  crossref     = {series_love_intelligence},
  title        = {\zht{沙漠中的一桶水} (sh/-a m/`o zh/-ong de \=yi t/>ong sh/>ui) A bucket of water in the dessert},
  shorttitle   = {\zht{沙漠中的一桶水} A bucket of water in the dessert},
  volume       = {8},
  url          = {http://shopping.windmill.com.tw/bookcomment-2.aspx?BOKNO=10155838},
  isbn         = {9789866855740},
  id           = {10155838},
  pages        = {36},
  }

@book{series_love_intelligence,
  author       = {\zht{張晉霖} and \zht{李美華}},
  note         = {[\zht{張晉霖}: Zh/-ang Ji\`n Li\'n, \zht{李美華}: L/>i M/>ei H/'ua]},
  editor       = {\zht{漢唐出版設計製作群}},
  series       = {\zht{愛與心靈成長學習繪本} (\`ai y/>u xi\=n li\'ng ch\'eng zh/>ang x/'ue x/'i h/`ui b/>en) Love and intelligence growth and learning illustrated books},
  title        = {\zht{愛與心靈成長學習繪本} (\`ai y/>u xi\=n li\'ng ch\'eng zh/>ang x/'ue x/'i h/`ui b/>en) Love and intelligence growth and learning illustrated books},
  publisher    = {\zht{風車出版} (f/-eng ch/-e ch/-u b/>an) Windmill Publishing},
  address      = {\zht{台北} (T/'ai b/>ei) Taipei},
  year         = {2008},
  month        = {February},
  language     = {\zht{繁體中文跟注音符號} (f/'an t/>i Zh/-ong W/'en g/-en zh/`u y/-in f/'u h/`ao---traditional Chinese with ZhuYin)},
  }



%=======================================
% series: wisdom and learning
%=======================================
@book{butterfly_kite,
  crossref     = {series_wisdom_learn},
  title        = {\zht{蝴蝶風箏} (h/'u di\'e f/-eng zh/-eng---The Butterfly Kite)},
  volume       = {1},
  url          = {http://shopping.windmill.com.tw/epaperbox/E1019999070.html#1},
  isbn10       = {986-7267-10-9},
  isbn         = {9-789867-267108},
  }

@book{pumpkin_car,
  crossref     = {series_wisdom_learn},
  title        = {\zht{白鼠公主的南瓜車} (b/'ai sh/>u g/-ong zh/>u de n/'an g/-ua ch/-e---The white mouse princess' pumpkin car)},
  volume       = {2},
  url          = {http://shopping.windmill.com.tw/epaperbox/E1019999070.html#2},
  }

@book{cloud_pillow,
  crossref     = {series_wisdom_learn},
  volume       = {3},
  title        = {\zht{白雲枕頭} (b/'ai y/'un zh/>en t/'ou---White Cloud Pillow)},
  month        = {May},
  url          = {http://shopping.windmill.com.tw/epaperbox/E1019999070.html#3},
  isbn10       = {9867267125},
  pages        = {36},
  }

@book{strange_visitor,
  crossref     = {series_wisdom_learn},
  volume       = {4},
  title        = {\zht{奇怪的客人} (q\'i g/`uai de k\`e r\'en---The Strange Visitor)},
  url          = {http://shopping.windmill.com.tw/epaperbox/E1019999070.html#4},
  isbn10       = {9867267133},
  pages        = {36},
  }

@book{one_hair,
  crossref     = {series_wisdom_learn},
  volume       = {5},
  title        = {\zht{一毛小刺蝟} (y/`i m/'ao xi/>ao \`c w\`ei---The one hair little porcupine)},
  month        = {May},
  url          = {http://shopping.windmill.com.tw/epaperbox/E1019999070.html#5},
  isbn10       = {986-7267-14-1},
  }

@book{dream,
  crossref     = {series_wisdom_learn},
  volume       = {7},
  title        = {\zht{一塊錢‧買一個夢} (y/'i k/`uai qi/'an $\cdot$ m/>ai y/-i ge m\`eng---One dollar $\cdot$ buy one dream)},
  shorttitle   = {\zht{一塊錢‧買一個夢} (y/'i k/`uai qi/'an $\cdot$ m/>ai y/-i ge m\`eng)},
  month        = {May},
  url          = {http://shopping.windmill.com.tw/epaperbox/E1019999070.html#7},
  isbn         = {9789867267108},
  }

@book{achoo,
  crossref     = {series_wisdom_learn},
  volume       = {8},
  title        = {\zht{哈啾不見了} (h/-a ji/-u b/'u ji\`an le---``Achoo" No More)},
  url          = {http://shopping.windmill.com.tw/epaperbox/E1019999070.html#8},
  isbn10       = {986-7267-17-6},
  isbn         = {9789867267177},
  pages        = {28},
  }

@book{series_wisdom_learn,
  author       = {\zht{張晉霖}},
  note         = {[\zht{張晉霖}: Zh/-ang J/`in L/'in]},
  series       = {\zht{一本從故事理啟發智慧學習的圖畫書} (y/`i b/>en c/'ong g/`u sh/`i l/>i q/>i f/-a zh/`i h/`ui x/'ue x/'i de t/'u h/`ua sh/-u---an illustrated book using stories to inspire wisdom and learning)},
  year         = {2005},
  month        = {September},
  publisher    = {\zht{風車出版} (f/-eng ch/-e ch/-u b/>an---Windmill Publishing)},
  address      = {\zht{台北} (Taiwan)},
  url          = {http://shopping.windmill.com.tw/epaperbox/E1019999070.html},
  language     = {\zht{繁體中文跟注音符號} (f/'an t/>i Zh/-ong W/'en g/-en zh/`u y/-in f/'u h/`ao---traditional Chinese with ZhuYin)},
  }
%=======================================
% series: life wisdom
%=======================================
@book{lifewisdom_catbell,
  crossref     = {series_life_wisdom},
  volume       = {1},
  title        = {\zht{給貓咪掛鈴鐺} (g/>ei m/-ao \=mi g/`ua li\'ng d/-ang) hang a bell on the cat},
  isbn10       = {9867014049},
  isbn         = {9789867014047},
  productnum   = {10155802},
  url          = {http://shopping.windmill.com.tw/bookcomment-2.aspx?BOKNO=10155802},
  pages        = {27},
  }

@book{series_life_wisdom,
  author       = {\zht{張晉霖}},
  note         = {[\zht{張晉霖}: Zh/-ang Ji\`n Li\'n]},
  series       = {\zht{一本從故事理啟發人生智慧的圖畫書} (y/`i b/>en c/'ong g/`u sh/`i l/>i q/>i f/-a r\'en sh/-eng zh/`i h/`ui de t/'u h/`ua sh/-u) an illustrated book using stories to inspire wisdom for life},
  year         = {2006},
  month        = {May},
  publisher    = {\zht{風車出版} (f/-eng ch/-e ch/-u b/>an) Windmill Publishing},
  address      = {\zht{台北}, Taiwan},
  url          = {},
  language     = {\zht{繁體中文跟注音符號} (f/'an t/>i Zh/-ong W/'en g/-en zh/`u y/-in f/'u h/`ao---traditional Chinese with ZhuYin)},
  }

%=======================================
% series: character and intelligence
%=======================================
@book{wolfgift,
  crossref     = {series_charintel},
  title        = {\zht{小狼的禮物} (xi/>ao l/'ang de l/>i w/`u---Little Wolf's gift)},
  author       = {\zht{腸子}},
  month        = {September},
  url          = {http://www.acmebooks.com.tw/product/showprod.asp?PDNBR=2618},
  pages        = {24},
  isbn10       = {986-418-877-1},
  volume       = {B6600-2},
  }

@book{coloredRabbit,
  crossref     = {series_charintel},
  title        = {\zht{彩色小兔} (c/>ai s\`e xi/>ao t/`u---The colored rabbit)},
  author       = {\zht{余治瑩}},
  note         = {[\zht{余治瑩}: Y/'u Zh/`i Y/'ing]},
  month        = {December},
  url          = {http://www.acmebooks.com.tw/product/showprod.asp?PDNBR=2780},
  pages        = {24},
  isbn10       = {986-418-916-6},
  volume       = {B6630},
  }

@book{AnnieSpider,
  crossref     = {series_charintel},
  author       = {\zht{黃慧敏}},
  note         = {[\zht{黃慧敏}: Hu/'ang H/`ui M/>ing]},
  title        = {\zht{阿尼要搬家} (/-a n/'i y\`ao b/-an ji/-a---Annie wants to move)},
  month        = {September},
  url          = {http://www.acmebooks.com.tw/product/showprod.asp?PDNBR=2618},
  pages        = {24},
  isbn10       = {986-418-891-7},
  volume       = {B6615},
  }

@book{cd_roosterking,
  author       = {\zht{胡韶真}},
  note         = {[\zht{胡韶真}: H/'u Sh/'ao Zh/-en]},
  title        = {\zht{公雞國王} (g/-ong j/-i g/'uo w/'ang---The rooster named King)},
  series       = {品德培養成長繪本 (p/>in d/'e p/'ei y/>ang ch/'eng zh/>ang h/`ui b/>en, Character development illustrated books)},
  pages        = {24},
  year         = {2007},
  publisher    = {\zht{世一文化} (sh/`i y/`i w\'en h/`ua) The world of one culture (Acme Books)},
  volume       = {4},
  url          = {http://www.acmebooks.com.tw/product/showprod.asp?PDNBR=2782},
  }

@book{series_charintel,
  series       = {\zht{品德．智能學習圖畫書} (p/>ind/'e. zh/`in /'eng x/'ue x/'i t/'u h/`ua sh/-u, Character---Intelligent learning picture-story books)},
  year         = {2006},
  publisher    = {\zht{世一文化} (sh/`i y/`i w\'en h/`ua---The world of one culture---Acme Books)},
  address      = {\zht{台北} (Taiwan)},
  language     = {\zht{繁體中文跟注音符號} (f/'an t/>i Zh/-ong W/'en g/-en zh/`u y/-in f/'u h/`ao---traditional Chinese with ZhuYin)},
  }

%=======================================
% series: sound
%=======================================
@book{sound_animal1,
  crossref     = {series_sound},
  title        = {\zht{動物說話} (d/`ong w/`u sh/-uo h/`ua---animals are speaking 1)},
  volume       = {1067-1},
  isbn10       = {4715006429385},
  }

@book{sound_animal2,
  crossref     = {series_sound},
  title        = {\zht{動物說話} (d/`ong w/`u sh/-uo h/`ua---animals are speaking 2)},
  volume       = {1067-2},
  isbn10       = {4715006429392},
  }

@book{sound_life1,
  crossref     = {series_sound},
  title        = {\zht{生活說話} (sh/-eng h/'uo sh/-uo h/`ua---life is speaking 1)},
  volume       = {1067-3},
  isbn10       = {4715006429408},
  }

@book{sound_life2,
  crossref     = {series_sound},
  title        = {\zht{生活說話} (sh/-eng h/'uo sh/-uo h/`ua---life is speaking 2)},
  volume       = {1067-4},
  isbn10       = {4715006429415},
  }

@book{sound_vocal,
  crossref     = {series_sound},
  title        = {\zht{有聲世界} (y/>ou sh/-eng sh/`i ji\`e---sounds of the world)},
  volume       = {1067-5},
  isbn10       = {4715006429422},
  }

@book{sound_car,
  crossref     = {series_sound},
  title        = {\zht{車車說話} (ch/-e ch/-e de sh/-uo h/`ua---cars are speaking)},
  volume       = {1067-6},
  isbn10       = {4715006429439},
  }

@book{series_sound,
  series       = {\zht{聲音從哪裡來} (sh/-eng y/-in c/'ong n/>a l/>i l/'ai ?---Where is the sound from?)},
  year         = {2007},
  url          = {http://www.168books.com.tw/page/1060.jsp#1067},
  pages        = {16},
  }

%=======================================
% EQ fairy tales
%=======================================
@book{ugly_duckling,
  crossref     = {series_eq},
  title        = {\zht{醜小鴨} (ch/>ou xi/>ao y/-a---The Ugly Duckling)},
  volume       = {2},
  isbn10       = {957747167-6},
  isbn         = {9789577471673},
  note         = {based on the text originally written in Danish
                  by Hans Christian Andersen and published in 1843},
  }

@book{eq_thumbelina,
  crossref     = {series_eq},
  title        = {\zht{拇指姑娘} (m/>u zh/>i g/-u ni/'ang---Thumbelina)},
  volume       = {13},
  isbn10       = {957747178-1},
  isbn         = {9789577471789},
  note         = {based on the text originally written in Danish
                  by Hans Christian Andersen and published in 1835},
  }

@book{3musketeers,
  crossref     = {series_eq},
  title        = {\zht{三劍客} (s/-an ji\`an k\`e---The Three Musketeers)},
  volume       = {18},
  isbn10       = {957747183-8},
  isbn         = {9789577471833},
  url          = {http://www.168books.com.tw/page/4001.jsp},
  note         = {based on the novel originally written in French
                  by p\`ere Alexandre Dumas and published in 1844},
  }

@book{prince_pauper,
  crossref     = {series_eq},
  author       = {\zht{蘇錦梅}},
  note         = {[\zht{蘇錦梅}: S/-u J/>in M/'ei]},
  title        = {\zht{乞丐王子} (q/>i g\`ai w/'ang z/>i---The Prince and the Pauper)},
  volume       = {20},
  isbn10       = {957747185-4},
  isbn         = {9789577471857},
  note         = {based on the text originally written in English
                  by Samuel Langhorne Clemens (Mark Twain)
                  and published in 1882},
  }

@book{fragrant_gas,
  crossref     = {series_eq},
  title        = {\zht{賣香屁} (m\`ai xi/-ang p/`i---Selling Fragrant Gas)},
  volume       = {23},
  isbn10       = {957747188-9},
  isbn         = {9789577471888},
  url          = {http://www.168books.com.tw/page/4001.jsp#4006},
  }

@book{swanlake,
  crossref     = {series_eq},
  title        = {\zht{天鵝湖} (ti/-an /'e h/'u---Swan Lake)},
  volume       = {7},
  month        = {June 01},
  isbn10       = {9577471722},
  isbn         = {9789577471727},
  url          = {http://m.sanmin.com.tw/product/index/000535350},
  note         = {\emph{Swan Lake} was originally a ballet by Pyotr Ilyich Tchaikovsky, which in turn was in turn was adapted from Russian folk tales.},
  }

@book{series_eq,
  author       = {\zht{劉嘉裕}},
  note         = {[\zht{劉嘉裕}: Li/'u Ji/-a Y/`u]},
  translatorx  = {\zht{劉嘉裕}},
  series       = {\zht{幼福兒童EQ教育童話} (y/`ou f/'u e\'r t/'ong EQ ji\`ao y/`u t/'ong h/`ua---Young fortunate children EQ educational fairy tales)},
  publisher    = {\zht{幼福文化事業股份有限公司}},
  address      = {\zht{台北}, Taiwan},
  addressx     = {\zht{台北縣中和市建康路130號4樓之2}},
  year         = {1999},
  month        = {January},
  url          = {http://www.168books.com.tw/page/4001.jsp},
  pages        = {33},
  language     = {\zht{繁體中文跟注音符號} (f/'an t/>i Zh/-ong W/'en g/-en zh/`u y/-in f/'u h/`ao---traditional Chinese with ZhuYin)},
  email        = {service@168books.com.tw},
  phone        = {(02)2226-3070},
  fax          = {(02)2225-0913},
  }

@book{10crows,
  author       = {\zht{風車編輯部/編}},
  title        = {\zht{10隻討厭的烏鴉} (sh\'i zh/-i t/>ao y\`an de w/-u y/-a---Ten Disagreeable Crows)},
  shorttitlex  = {\zht{10隻討厭的烏鴉}---Ten Disagreeable Crows},
  publisher    = {\zht{風車出版} (f/-eng ch/-e ch/-u b/>an) Windmill Publishing},
  address      = {\zht{台北}, Taiwan},
  year         = {2002},
  month        = {September},
  isbn10       = {986-7906-56-X},
  pages        = {122},
  url          = {http://shopping.windmill.com.tw/epaperbox/learn40.htm},
  urlx         = {http://shopping.windmill.com.tw/epaperbox/learn41.htm},
  email        = {sanhuei.publish@msa.hinet.net},
  telephone    = {02-8751-3866},
  fax          = {02-8751-3858},
  language     = {\zht{繁體中文跟注音符號} (f/'an t/>i Zh/-ong W/'en g/-en zh/`u y/-in f/'u h/`ao---traditional Chinese with ZhuYin)},
  }

@book{acme481,
  author       = {\zht{朴賢哲}},
  note         = {[\zht{朴賢哲}: P/>u Xi/'an Zh/'e]},
  title        = {\zht{地球 宇宙 我們的家} (d\`i qi/'u y/>u zh/`ou w/>o men de ji/-a)---The Earth, The Universe, Our Home},
  xshorttitle  = {\zht{地球 宇宙 我們的家}---The Earth, The Universe, Our Home},
  isbn10       = {986-418-748-1},
  year         = {2006},
  month        = {February 26},
  publisher    = {\zht{世一文化}},
  address      = {\zht{台南市}, Taiwan},
  addressx     = {\zht{台南市702新樂路46號}},
  url          = {http://www.acmebooks.com.tw/product/showprod.asp?PDNBR=2252},
  pages        = {56},
  language     = {\zht{繁體中文跟注音符號} (f/'an t/>i Zh/-ong W/'en g/-en zh/`u y/-in f/'u h/`ao---traditional Chinese with ZhuYin)},
  }

@book{acmeB6604x,
  title        = {\zht{小朋友的MQ童話} (xi/>ao p\'eng y/>ou de MQ t/'ong h/`ua---Children's MQ stories},
  isbn10       = {986-418-702-3},
  isbn         = {9789864187027},
  year         = {2006},
  month        = {February 15},
  publisher    = {\zht{世一文化}},
  address      = {\zht{台南市}, Taiwan},
  addressx     = {\zht{台南市702新樂路46號}},
  url          = {http://www.acmebooks.com.tw/product/showprod.asp?PDNBR=2198},
  pages        = {48},
  language     = {\zht{繁體中文跟注音符號} (f/'an t/>i Zh/-ong W/'en g/-en zh/`u y/-in f/'u h/`ao---traditional Chinese with ZhuYin)},
  }

@book{beall,
  author       = {Pamela Conn Beall and Susan Hagen Nipp},
  title        = {Wee Sing. 25th Anniversary Celebration},
  publisher    = {Price Stern Sloan},
  address      = {New York},
  year         = {2002},
  isbn10       = {0-8431-7757-8},
  ibsn13       = {978-0843177572},
  urlw         = {http://www.worldcat.org/isbn/0843177578},
  url          = {http://www.amazon.com/dp/0843177578},
  language     = {English},
  }

@incollection{cape,
  author       = {\zht{郭桂玲}},
  note         = {[\zht{郭桂玲}: G/'uo G/`ui L/'ing]},
  title        = {\zht{神氣的披風} (sh\'en q\`i de p/-i f/-eng)---The Majestic Cape},
  booktitle    = {\zht{小朋友的MQ童話}},
  isbn10       = {986-418-702-3},
  isbn         = {9789864187027},
  yearx        = {2006},
  month        = {February 15},
  publisher    = {\zht{世一文化}},
  address      = {\zht{台南市}, Taiwan},
  addressx     = {\zht{台南市702新樂路46號}},
  url          = {http://www.acmebooks.com.tw/product/showprod.asp?PDNBR=2198},
  pages        = {3--18},
  language     = {\zht{繁體中文跟注音符號} (f/'an t/>i Zh/-ong W/'en g/-en zh/`u y/-in f/'u h/`ao---traditional Chinese with ZhuYin)},
  }

@book{hide_sleep,
  author       = {Melanie Walsh},
  translator   = {\zht{林世玲}},
  title        = {\zht{躲貓貓和睡覺}---Hide and Sleep},
  isbn10       = {957-649-553-9},
  year         = {1999},
  publisher    = {Dorling Kindersley},
  }


@incollection{together_think,
  author       = {\zht{郭桂玲}},
  note         = {[\zht{郭桂玲}: G/'uo G/`ui L/'ing]},
  title        = {\zht{一起想辦法} (y/-i q/>i xi/>ang b\`an f/>a)---Together Think of a Way},
  booktitle    = {\zht{小朋友的MQ童話}},
  isbn10       = {986-418-702-3},
  isbn         = {9789864187027},
  yearx        = {2006},
  month        = {February 15},
  publisher    = {\zht{世一文化}},
  address      = {\zht{台南市}, Taiwan},
  addressx     = {\zht{台南市702新樂路46號}},
  url          = {http://www.acmebooks.com.tw/product/showprod.asp?PDNBR=2198},
  pages        = {25--40},
  language     = {\zht{繁體中文跟注音符號} (f/'an t/>i Zh/-ong W/'en g/-en zh/`u y/-in f/'u h/`ao---traditional Chinese with ZhuYin)},
  }

@book{fox_stork,
  title        = {\zht{狐狸與鸛鳥} (h/'u l\'i y/>u g/`uan ni/>ao) The Fox and the Stork},
  publisher    = {\zht{世一文化} (sh/`i y/`i w\'en h/`ua) The world of one culture (Acme Books)},
  address      = {\zht{台南市} (t/'ai n/'an sh/`i) Tainan City},
  isbn         = {978-986-193-112-8},
  url          = {http://www.acmebooks.com.tw/product/showprod.asp?PDNBR=3134},
  note         = {adopted from one of \emph{Aesop's Fables}, \emph{The Fox and the Stork}, circa 600BC,
                  \url{http://books.google.com/books?id=2rNDiwA0AfEC&pg=PA281}},
  }

@book{tseng2009,
  author       = {\zht{曾陽晴}},
  note         = {[\zht{曾陽晴}: C/'eng Y/'ang Q/'ing / Yang Ching Tseng]},
  illustrator  = {\zht{萬華國}},
  title        = {\zht{媽媽買綠豆} (Let's Get Mung Beans, Momma!)},
  edition      = {3},
  publisher    = {\zht{信誼基金出版社}},
  year         = {2009},
  isbn10       = {9576421403},
  isbn         = {978-986-161-260-7},
  oclc         = {182623746},
  pages        = {28},
  url          = {http://books.google.com/books?vid=ISBN9576421403},
  urlw         = {http://www.worldcat.org/isbn/9576421403},
  }

@book{yeh2000,
  editorx      = {\zht{葉德明} (Y\`e D\'e Mi\'ng)},
  editor       = {\zht{葉德明}},
  title        = {Far East Pinyin Chinese-English Dictionary: \zht{遠東拼音漢英辭典}},
  shorttitlex  = {Far East Pinyin Chinese-English Dictionary\ldots},
  year         = {2000},
  publisher    = {\zht{遠東圖書公司} (y/>uan d/-ong t/'u sh/-u g/-ong \=si) The Far East Book Company, Limited},
  address      = {Taipei},
  urlf         = {http://www.fareast.com.tw},
  urlg         = {http://books.google.com/books?vid=ISBN957612462X},
  urla         = {http://www.amazon.com/dp/957612462X},
  url          = {http://www.worldcat.org/isbn/957612462X},
  note         = {editor \zht{葉德明}=Y\`e D\'e Mi\'ng (leaf virtue bright)},
  pages        = {878},
  isbn10       = {957612462X},
  isbn         = {978-9576124624},
  oclc         = {46338524},
  }

@book{fang1999,
  author       = {\zht{方素珍}},
  note         = {[\zht{方素珍}: F/-ang S/`u Zh/-en]},
  translator   = {\zht{方素珍}},
  title        = {\zht{那是一個洞嗎？} (N/`a sh/`i y/-i ge d/`ong ma?---Is that a hole?)},
  publisher    = {\zht{上人文化事業股份有限公司}},
  year         = {1999},
  isbn10       = {9578298463},
  isbn         = {9789578298460},
  oclc         = {44680699},
  urlg         = {http://books.google.com/books?vid=ISBN9578298463},
  url          = {http://www.worldcat.org/isbn/9578298463},
  }

@book{jiang2007,
  author       = {\zht{姜子安}},
  note         = {[\zht{姜子安}: Ji/-ang Z/>i /-An]},
  title        = {\zht{阿良造紙} (Ah-Liang Makes Paper)},
  series       = {\zht{品得琣養成長繪本}},
  number       = {6},
  year         = {2007},
  month        = {January},
  publisher    = {\zht{世一文化事業股份有限公司}},
  isbn10       = {986-418-920-4},
  isbn         = {9789864189205},
  oclc         = {311866207},
  pages        = {23},
  url          = {http://www.worldcat.org/isbn/9864189204},
  urlg         = {http://books.google.com/books?vid=ISBN9864189204},
  }

@book{stephens1999,
  author       = {Helen Stephens},
  translator   = {\zht{萬惠華}},
  title        = {\zht{我真的很忙} (I'm Too Busy)},
  year         = {1999},
  publisher    = {Dorling Kindersley},
  isbn10       = {957-649-549-0},
  }

@book{zheng1999,
  author       = {\zht{征矢清}},
  note         = {[\zht{征矢清}: Zh/-eng Sh/>i Q/-ing]},
  title        = {\zht{葉子小屋} (Small House of Leaves)},
  year         = {1999},
  isbn10       = {957-642-581-6},
  publisher    = {\zht{信誼基金出版}},
  pages        = {24+8},
  isbn10       = {9576425816},
  isbn         = {9789576425813},
  oclc         = {184969516},
  urlg         = {http://books.google.com/books?vid=ISBN9576425816},
  url          = {http://www.worldcat.org/isbn/9576425816},
  }


%=======================================
% The Biographies of Giants
%=======================================
@book{wright2038,
  title        = {\zht{萊特兄弟} Wright Brothers},
  series       = {The Biographies of Giants},
  number       = {2038-03},
  year         = {2004},
  month        = {August},
  url          = {http://www.168books.com.tw/item.jsp?item=318},
  publisher    = {\zht{幼福文化事業股份有限公司}},
  address      = {\zht{台北}, Taiwan},
  addressx     = {\zht{台北縣中和市建康路130號4樓之2}},
  isbn10       = {4715006423185},
  }  


