%============================================================================
% Daniel J. Greenhoe
% LaTeX File
% BibTeX input file
%============================================================================

@book{aa,
  author       = {Yuri A. Abramovich and Charalambos D. Aliprantis},
  title        = {An Invitation to Operator Theory},
  publisher    = {American Mathematical Society},
  address      = {Providence, Rhode Island},
  year         = {2002},
  isbn         = {0-8218-2146-6},
  oclc         = {50002804},
  urlx         = {http://www.math.ualberta.ca/~vtroitsky/abramovich/},
  url          = {http://books.google.com/books?vid=ISBN0821821466},
  urlw         = {http://www.worldcat.org/isbn/0821821466},
  language     = {English},
  }

@book{bendat1966,
  author       = {Julius S. Bendat and Allan G. Piersol},
  title        = {Measurement and Analysis of Random Data},
  publisher    = {John Wiley \& Sons},
  pages        = {390+xvi},
  language     = {English},
  year         = {1966},
  }

@article{bendat1978,
  journal      = {Journal of Sound and Vibration},
  volume       = {59},
  number       = {3},
  year         = {1978},
  month        = {August 08},
  pages        = {405--421},
  title        = {Statistical errors in measurement of coherence functions and input/output quantities},
  author       = {J. S. Bendat},
  url          = {https://doi.org/10.1016/S0022-460X(78)80007-8},
  doi          = {10.1016/S0022-460X(78)80007-8},
  }

@book{bendat1980,
  isbn10       = {0471058874},
  isbn         = {9780471058878},
  author       = {Julius S. Bendat and Allan G. Piersol},
  title        = {Engineering Applications of Correlation and Spectral Analysis},
  publisher    = {John Wiley \& Sons},
  pages        = {302},
  language     = {English},
  year         = {1980},
  urlg         = {http://books.google.com/books?vid=ISBN0471058874},
  url          = {http://www.amazon.com/dp/0471058874},
  }

@book{bendat1993,
  isbn10       = {0471570559},
  isbn         = {9780471570554},
  author       = {Julius S. Bendat and Allan G. Piersol},
  title        = {Engineering Applications of Correlation and Spectral Analysis},
  publisher    = {Wiley-Interscience},
  edition      = {2},
  language     = {English},
  year         = {1993},
  urlg         = {http://books.google.com/books?vid=ISBN0471570559},
  url          = {http://www.amazon.com/dp/0471570559},
  }

 @book{bendat2010,
   isbn10       = {1118210824},
   isbn         = {9781118210826},
   title        = {Random Data: Analysis and Measurement Procedures},
   volume       = {729},
   year         = {2010},
   series       = {Wiley Series in Probability and Statistics},
   author       = {Julius S. Bendat and Allan G. Piersol},
   edition      = {4},
   publisher    = {John Wiley \& Sons},
   pages        = {640},
   url          = {http://books.google.com/books?vid=ISBN1118210824},
   urla         = {http://www.amazon.com/dp/1118210824},
   }

@book{bracewell1978,
  isbn10       = {007007013X},
  isbn         = {9780070070134},
  title        = {The Fourier transform and its applications},
  series       = {McGraw-Hill electrical and electronic engineering series},
  edition      = {2, illustrated, International student edition},
  author       = {Ronald Newbold Bracewell},
  publisher    = {McGraw-Hill},
  year         = {1978},
  pages        = {444},
  url          = {http://books.google.com/books?vid=ISBN007007013X},
  urlw         = {http://www.worldcat.org/isbn/007007013X},
  urla         = {http://www.amazon.com/dp/007007013X},
  }

@book{bromwich1908,
  author       = {Thomas John I'Anson Bromwich},
  title        = {An Introduction to the Theory of Infinite Series},
  year         = {1908},
  edition      = {1},
  publisher    = {Macmillan and Company},
  oclc         = {62088561},
  language     = {English},
  url          = {http://www.archive.org/details/anintroductiont00bromgoog},
  urlg         = {http://books.google.com/books?id=MWm4AAAAIAAJ},
  pages        = {511+xvi},
  isbn10       = {0821839764},
  isbn         = {9780821839768},
  }
@book{cadzow,
  isbn         = {0023180102},
  author       = {James A. Cadzow},
  title        = {Foundations of Digital Signal Processing and Data Analysis},
  year         = {1987},
  publisher    = {Macmillan Publishing Company},
  address      = {New York},
  language     = {english},
  url          = {https://books.google.com/books?vid=ISBN9780023180101},
  urlx         = {http://frontweb.vuse.vanderbilt.edu/vuse_web/directory/facultybio.asp?FacultyID=9},
  }

@incollection{gelfand1964,
  author       = {Israel M. Gelfand and Mark A. Naimark},
  title        = {Normed Rings with an Involution and their Representations},
  pages        = {240--274},
  year         = {1964},
  booktitle    = {Commutative Normed Rings},
  publisher    = {Chelsea Publishing Company},
  address      = {Bronx},
  oclc         = {1220445},
  isbn10       = {0821820222},
  isbn         = {9780821820223},
  number       = {170},
  series       = {AMS Chelsea Publishing Series},
  language     = {English},
  url          = {http://books.google.com/books?vid=ISBN0821820222},
  urlw         = {http://www.worldcat.org/oclc/1220445},
  urla         = {http://www.amazon.com/dp/0821820222},
  }

@book{hardy1940,
  author       = {Godfrey H. Hardy},
  title        = {A Mathematician's Apology},
  year         = {1940},
  url          = {http://www.math.ualberta.ca/~mss/misc/A%20Mathematician's\%20Apology.pdf},
  publisher    = {Cambridge University Press},
  address      = {Cambridge},
  }

@book{helstrom1991,
  isbn10       = {0023535717},
  isbn         = {9780023535710},
  title        = {Probability and Stochastic Processes for Engineers},
  series       = {Maxwell Macmillan international editions in engineering},
  author       = {Carl W. Helstrom},
  edition      = {2},
  publisher    = {Macmillan},
  year         = {1991},
  pages        = {610},
  url          = {http://books.google.com/books?vid=ISBN0023535717},
  urla         = {http://www.amazon.com/dp/0023535717},
  }

@book{joshi1989,
  author       = {K. D. Joshi},
  title        = {Foundations of Discrete Mathematics},
  year         = {1989},
  publisher    = {New Age International},
  address      = {New Delhi},
  isbn         = {8122401201},
  isbn13       = {9788122401202},
  pages        = {748},
  url          = {http://books.google.com/books?vid=ISBN8122401201},
  urlw         = {http://www.worldcat.org/isbn/8122401201},
  urla         = {http://www.amazon.com/dp/8122401201},
  urln         = {http://www.newagepublishers.com/servlet/nagetbiblio?bno=000298},
  }

@book{joshi1997,
  author       = {K. D. Joshi},
  title        = {Applied Discrete Structures},
  year         = {1997},
  publisher    = {New Age International},
  address      = {New Delhi},
  isbn         = {8122408265},
  isbn13       = {9788122408263},
  pages        = {948},
  url          = {http://books.google.com/books?vid=ISBN8122408265},
  urlw         = {http://www.worldcat.org/isbn/8122408265},
  urla         = {http://www.amazon.com/dp/8122408265},
  urln         = {http://www.newagepublishers.com/servlet/nagetbiblio?bno=000062},
  }

@book{kay1988,
  isbn10       = {8131733564},
  isbn         = {9788131733561},
  author       = {Steven M. Kay},
  title        = {Modern Spectral Estimation: Theory and Application},
  url          = {http://books.google.com/books?vid=ISBN8131733564},
  urla         = {http://www.amazon.com/dp/8131733564},
  series       = {Prentice-Hall signal processing series},
  publisher    = {Prentice Hall},
  year         = {1988},
  pages        = {543},
  }

@book{kubrusly2011,
  author       = {Carlos S. Kubrusly},
  year         = {2011},
  title        = {The Elements of Operator Theory},
  edition      = {2},
  publisher    = {Springer},
  pages        = {539},
  url          = {http://books.google.com/books?vid=ISBN0817649972},
  urlw         = {http://www.worldcat.org/isbn/0817649972},
  urla         = {http://www.amazon.com/dp/0817649972},
  isbn10       = {0817649972},
  isbn         = {9780817649975},
  }

@book{landau1966,
  author       = {Edmund Landau},
  translator   = {F. Steinhardt},
  title        = {Foundations of analysis: the arithmetic of whole, rational, irrational, and complex numbers. A supplement to textbooks on the differential and integral calculus},
  shorttitle   = {Foundations of analysis\ldots},
  edition      = {3},
  publisher    = {AMS Chelsea Publishing},
  address      = {Providence, Rhode Island, USA},
  year         = {1966},
  note         = {1966 English translation of the German text \emph{Grundlagen der Analysis}},
  url          = {http://books.google.com/books?vid=ISBN082182693X},
  urlw         = {http://www.worldcat.org/oclc/52332525},
  urla         = {http://www.amazon.com/dp/082182693X},
  }

@inproceedings{leuridan1986,
  author       = {J. Leuridan and J. De Vis and D., Van der Auweraer H. F. Lembregts},
  title        = {"A comparison of some frequency response function measurement techniques},
  booktitle    = {Proceedings of the 4th International Modal Analysis Conference IMAC},
  address      = {Los Angeles, CA},
  pages        = {908--918},
  year         = {1986},
  url          = {https://www.researchgate.net/publication/283994172},
  }

@inproceedings{morlet1981,
  author       = {Jean Morlet},
  title        = {Sampling theory and wave propagation},
  booktitle    = {Proceedings of the 51st Annual Meeting of the Society of Exploration Geophysics},
  address      = {Los Angeles},
  year         = {1981},
  publisher    = {Society of Exploration Geophysics},
  pages        = {1418--1423},
  note         = {Session:S15.1},
  }




@article{matlab_cpsd,
  url          = {https://www.mathworks.com/help/signal/ref/cpsd.html},
  author       = {MatLab},
  title        = {cpsd: Cross power spectral density},
  journal      = {MatLab},
  year         = {2018},
  month        = {accessed 2018 November 26},
  publisher    = {The MathWorks, Inc.},
  }

@article{matlab_xcorr,
  url          = {https://www.mathworks.com/help/signal/ref/xcorr.html},
  author       = {MatLab},
  title        = {xcorr: Cross-correlation},
  journal      = {MatLab},
  year         = {2018},
  month        = {accessed 2018 November 26},
  publisher    = {The MathWorks, Inc.},
  }

@book{michel1993,
  isbn         = {048667598X},
  oclc         = {27770331},
  author       = {Anthony N. Michel and Charles J. Herget},
  title        = {Applied Algebra and Functional Analysis},
  publisher    = {Dover Publications, Inc.},
  year         = {1993},
  library      = {QA154.2.M52 1993},
  url          = {http://books.google.com/books?vid=ISBN048667598X},
  urlw         = {http://www.worldcat.org/isbn/048667598X},
  note         = {original version published by Prentice-Hall in 1981},
  }

@book{papoulis1984,
  isbn         = {9780070484689},
  isbn10       = {0070484686},
  author       = {Anthanasios Papoulis},
  title        = {Probability, Random Variables, and Stochastic Processes},
  series       = {McGraw-Hill Series in Electrical Engineering},
  edition      = {2},
  publisher    = {McGraw-Hill Book Company},
  address      = {New York},
  year         = {1984},
  url          = {http://books.google.com/books?vid=ISBN0070484686},
  urla         = {http://www.amazon.com/dp/0070484686},
  pages        = {576},
  language     = {English},
  }

@book{papoulis1990,
  isbn10       = {0137116985},
  isbn         = {9780137116980},
  title        = {Probability \& Statistics},
  publisher    = {Prentice Hall},
  series       = {Prentice-Hall international editions},
  author       = {Athanasios Papoulis},
  edition      = {illustrated},
  year         = {1990},
  pages        = {454},
  url          = {http://books.google.com/books?vid=ISBN0137116985},
  urla         = {http://www.amazon.com/dp/0137116985},
  }

@book{papoulis,
  isbn         = {0070484775},
  oclc         = {22704249},
  author       = {Anthanasios Papoulis},
  title        = {Probability, Random Variables, and Stochastic Processes},
  edition      = {3},
  publisher    = {McGraw-Hill},
  address      = {New York},
  year         = {1991},
  urlw         = {http://www.worldcat.org/isbn/0070484775},
  url          = {http://books.google.com/books?vid=ISBN0070484775},
  language     = {English},
  }

@book{papoulis2002,
  isbn10       = {0071226613},
  isbn         = {9780071226615},
  author       = {Anthanasios Papoulis},
  title        = {Probability, Random Variables, and Stochastic Processes},
  series       = {McGraw-Hill series in electrical and computer engineering},
  edition      = {4},
  publisher    = {Tata McGraw-Hill},
  address      = {New York},
  year         = {2002},
  url          = {http://books.google.com/books?vid=ISBN0071226613},
  urla         = {https://www.amazon.com/dp/0071226613},
  pages        = {852},
  language     = {English},
  }

@book{proakis1996,
  isbn         = {9780133737622},
  isbn10       = {0133737624},
  title        = {Digital Signal Processing: Principles, Algorithms, and Applications},
  series       = {Prentice Hall international editions},
  author       = {John G. Proakis and Dimitris G. Manolakis},
  edition      = {3},
  publisher    = {Prentice Hall},
  year         = {1996},
  pages        = {968},
  url          = {http://books.google.com/books?vid=ISBN0133737624},
  urlw         = {http://www.worldcat.org/isbn/0133737624},
  urla         = {http://www.amazon.com/dp/0133737624},
  }

@book{rickart1960,
  author       = {Charles Earl Rickart},
  institution  = {Princeton},
  title        = {General Theory of Banach Algebras},
  series       = {University series in higher mathematics},
  year         = {1960},
  publisher    = {D. Van Nostrand Company},
  address      = {Yale University},
  oclc         = {230077189},
  lccn         = {60-14788},
  pages        = {394},
  urlw         = {http://www.worldcat.org/oclc/230077189},
  url          = {http://books.google.com/books?id=PVrvAAAAMAAJ},
  }

@book{shin2008,
  isbn10       = {0470725648},
  isbn         = {9780470725641},
  title        = {Fundamentals of Signal Processing for Sound and Vibration Engineers},
  author       = {Kihong Shin and Joseph Hammond},
  publisher    = {John Wiley \& Sons},
  year         = {2008},
  pages        = {416},
  url          = {https://archive.org/details/FubdamentalsOfSignalShinHammond/},
  }

@book{stopple2003,
  author       = {Jeffrey Stopple},
  title        = {A Primer of Analytic Number Theory: From Pythagoras to Riemann},
  year         = {2003},
  month        = {June},
  publisher    = {Cambridge University Press},
  address      = {Cambridge},
  pages        = {398},
  isbn         = {0521012538},
  isbn13       = {978-0521012539},
  oclc         = {51047132},
  url          = {http://books.google.com/books?vid=ISBN0521012538},
  urlw         = {http://www.worldcat.org/isbn/0521012538},
  urla         = {http://www.amazon.com/dp/0521012538},
  language     = {English},
  }

@book{thomson2008,
  author       = {Brian S. Thomson and Andrew M. Bruckner and Judith B. Bruckner},
  title        = {Elementary Real Analysis},
  pages        = {684},
  isbn         = {9781434843678},
  isbn10       = {143484367X},
  edition      = {2},
  year         = {2008},
  publisher    = {www.classicalrealanalysis.com},
  url          = {http://classicalrealanalysis.info/com/Elementary-Real-Analysis.php},
  urlg         = {http://books.google.com/books?vid=ISBN143484367X},
  urla         = {http://www.amazon.com/dp/143484367X},
  language     = {English},
  }

@book{weisstein2002,
  isbn10       = {1420035223},
  isbn         = {9781420035223},
  title        = {CRC Concise Encyclopedia of Mathematics},
  author       = {Eric W. Weisstein},
  edition      = {2, revised},
  publisher    = {CRC Press},
  year         = {2002},
  pages        = {3252},
  url          = {http://books.google.com/books?vid=ISBN1420035223},
  urla         = {http://www.amazon.com/dp/1420035223},
  urlw         = {http://www.worldcat.org/isbn/1420035223},
  }

